=LDR  01727 am a22004453  4500
=001  017399490
=003  Uk
=005  20200417185626.0
=007  cr\mn\024mpada
=008  890621|1833|||||||\\\\|s\\\\\|||\||eng\\
=FMT  \\$a  BK
=019  x\$a2253790028
=040  \\$aUk$cUk
=110  2\$aMontreal Library (MONTREAL)
=245  10$aCatalogue of the books in the Montreal Library. [With Printed and MS. additions inserted.]
=264  \1$aMontreal,$c1833.
=300  \\$c(8º)
=336  \\$atext$2rdacontent
=337  \\$acomputer$2rdamedia
=338  \\$aonline$2rdacarrier
=340  \\$m8vo$2rdabf
=859  \\$aXLD$bGOOGLEBOOKS$bFrance in the Americas Project
=856  41$uhttp://books.google.co.uk/books?vid=BL:A0019362423$yGoogle_Books
=852  4\$cDRT$jDigital Store 821.h.48.$aBritish Library$bHMNTS
=985  \\$aUpgraded by BSS-generated file for WR1910-0531
=CAT  \\$aBATCH-DCW$b00$c20150617$lBLL01$h0201
=CAT  \\$aWR15_122$c20151024$lBLL01$h1939
=CAT  \\$aWR14_057$b00$c20151129$lBLL01$h2000
=CAT  \\$aR1710-0956$b00$c20171020$lBLL01$h1823
=CAT  \\$a1805-0738$c20190104$lBLL01$h1810
=CAT  \\$a1805-0738$b00$c20190104$lBLL01$h1851
=CAT  \\$aW1910-0531$b00$c20200417$lBLL01$h1856
=CAT  \\$aW2007-1719$c20200806$lBLL01$h1507
=FIN  \\$aY$d20150617
=LKR  \\$aPAR$lBLL01$r776$b002536185$mCatalogue of the books in the Montreal Library. [With Printed and MS. additions inserted.]$nCatalogue of the books in the Montreal Library. [With Printed and MS. additions inserted.]
=DGM  \\$a002536185$bCatBridge variable field
=DRT  \\$aGOOGLEBOOKS
=SRC  \\$aGOOGLEBOOKS$bGoogleBooks_20150616
=OHC  \\$a1
=LAS  \\$aW2007-1719$b00$c20200806$lBLL01$h1507

