=LDR  01860 am a22004813  4500
=001  017410754
=003  Uk
=005  20201127184007.0
=007  cr\mn\024mpada
=008  890703|1817|||||||\\\\|s\\\\||||\||mic\\
=FMT  \\$a  BK
=019  x\$a2204690228
=040  \\$aUk$cUk
=245  10$aAlphabet Mikmaque. [With spelling and reading lessons.]
=264  \1$aQuebec,$c1817.
=300  \\$c(12º)
=336  \\$atext$2rdacontent
=337  \\$acomputer$2rdamedia
=338  \\$aonline$2rdacarrier
=340  \\$m12mo$2rdabf
=720  \\$aMICMAC ALPHABET$emain entry
=859  \\$aXLD$bGOOGLEBOOKS$bFrance in the Americas Project
=856  41$uhttp://books.google.co.uk/books?vid=BL:A0019393650$yGoogle_Books
=883  0\$aLanguage codes assigned by Bayesian analysis of words present in record$d20201028$qUk$c0.9010
=852  4\$cDRT$jDigital Store 826.a.32.$aBritish Library$bHMNTS
=985  \\$aCorrected by BSS-generated file for WR# 10/107
=985  \\$aCorrected by MS generated file for WR# 1805-0738
=985  \\$aUpgraded by BSS-generated file for WR2011-1472
=CAT  \\$aBATCH-DCW$b00$c20150624$lBLL01$h0202
=CAT  \\$aWR15_122$c20151024$lBLL01$h1940
=CAT  \\$aWR14_057$b00$c20151129$lBLL01$h2000
=CAT  \\$aR1710-0956$b00$c20171020$lBLL01$h1824
=CAT  \\$a1805-0738$c20190104$lBLL01$h1811
=CAT  \\$a1805-0738$b00$c20190104$lBLL01$h1852
=CAT  \\$aW2007-1719$c20200806$lBLL01$h1507
=CAT  \\$aW2011-1472$b00$c20201127$lBLL01$h1840
=FIN  \\$aY$d20150624
=LKR  \\$aPAR$lBLL01$r776$b002484985$mAlphabet Mikmaque. [With spelling and reading lessons.]$nAlphabet Mikmaque. [With spelling and reading lessons.]
=DGM  \\$a002484985$bCatBridge variable field
=DRT  \\$aGOOGLEBOOKS
=SRC  \\$aGOOGLEBOOKS$bGoogleBooks_20150623
=OHC  \\$a1
=LAS  \\$aW2011-1472$b00$c20201127$lBLL01$h1840

