=LDR  02071 am a22004573  4500
=001  017412291
=003  Uk
=005  20200417185652.0
=007  cr\mn\024mpada
=008  010119|1748||||enk\\\\|s\\\\||||\||eng\\
=FMT  \\$a  BK
=019  x\$a0953250121
=040  \\$aUk$cUk
=245  10$aConsiderations of the Definitive Treaty, signed at Aix la Chapelle, October 7/18th, 1748, etc.
=264  \1$aLondon :$bJ. Roberts,$c1748.
=300  \\$a55 pages ;$c(8º)
=336  \\$atext$2rdacontent
=337  \\$acomputer$2rdamedia
=338  \\$aonline$2rdacarrier
=340  \\$m8vo$2rdabf
=710  1\$aEngland.$tTreaties, etc.. II. Chronological Series. George II. [1727-1760.]. The Definitive Treaty of Peace and Friendship, between His Britannick Majesty, the most Christian King, and the States General of the United Provinces. Concluded at Aix la Chapelle the 18th day of October NS., 1748.
=720  \\$aCONSIDERATIONS$emain entry
=859  \\$aXLD$bGOOGLEBOOKS$bFrance in the Americas Project
=856  41$uhttp://books.google.co.uk/books?vid=BL:A0019426578$yGoogle_Books
=852  4\$cDRT$jDigital Store 1475.b.7.$aBritish Library$bHMNTS
=985  \\$aUpgraded by BSS-generated file for WR1910-0531
=CAT  \\$aBATCH-DCW$b00$c20150626$lBLL01$h0201
=CAT  \\$aWR15_122$c20151024$lBLL01$h1940
=CAT  \\$aWR14_057$b00$c20151129$lBLL01$h1957
=CAT  \\$aR1710-0956$b00$c20171020$lBLL01$h1824
=CAT  \\$a1805-0738$c20190104$lBLL01$h1811
=CAT  \\$a1805-0738$b00$c20190104$lBLL01$h1852
=CAT  \\$aW1910-0531$b00$c20200417$lBLL01$h1856
=CAT  \\$aW2007-1719$c20200806$lBLL01$h1507
=FIN  \\$aY$d20150626
=LKR  \\$aPAR$lBLL01$r776$b001080544$mConsiderations of the Definitive Treaty, signed at Aix la Chapelle, October 7/18th, 1748, etc.$nConsiderations of the Definitive Treaty, signed at Aix la Chapelle, October 7/18th, 1748, etc.
=DGM  \\$a001080544$bCatBridge variable field
=DRT  \\$aGOOGLEBOOKS
=SRC  \\$aGOOGLEBOOKS$bGoogleBooks_20150625
=OHC  \\$a1
=LAS  \\$aW2007-1719$b00$c20200806$lBLL01$h1507

