=LDR  02773 am a22004933  4500
=001  017414891
=003  Uk
=005  20200417185658.0
=007  cr\mn\024mpada
=008  880603|1786||||enk\\\\|s\\\\||||\||eng\\
=FMT  \\$a  BK
=019  x\$a0953210014
=040  \\$aUk$cUk
=110  1\$aEngland.
=240  10$aTreaties, etc.. II. Chronological Series. Anne. [1702-1714.]
=245  10$a[Treaty of Utrecht, 11 April 1713.] The Two Treaties between Great Britain and France, the former ratified ... 1713, the latter signed ... 1786, compared article by article ... Together with the substance of forty-six petitions presented against the former treaty by the manufacturing interests of Great Britain, etc.
=264  \1$aLondon :$bJ. Debrett,$c1786.
=300  \\$a15 pages ;$c(folio)
=336  \\$atext$2rdacontent
=337  \\$acomputer$2rdamedia
=338  \\$aonline$2rdacarrier
=340  \\$mfolio$2rdabf
=710  1\$aEngland.$tTreaties, etc.. II. Chronological Series. George III. [1760-1820.]
=859  \\$aXLD$bGOOGLEBOOKS$bFrance in the Americas Project
=886  2\$2blmarc$a709$b00$aENGLAND$tTreaties, etc.$tII. Chronological Series$tGeorge III. [1760-1820.]$p1484.g.4.$x0953280071
=856  41$uhttp://books.google.co.uk/books?vid=BL:A0019445794$yGoogle_Books
=852  4\$cDRT$jDigital Store 1484.g.4.$aBritish Library$bHMNTS
=985  \\$aUpgraded by BSS-generated file for WR1910-0531
=CAT  \\$aBATCH-DCW$b00$c20150628$lBLL01$h0202
=CAT  \\$aWR15_122$c20151024$lBLL01$h1940
=CAT  \\$aWR14_057$b00$c20151129$lBLL01$h1957
=CAT  \\$aR1710-0956$b00$c20171020$lBLL01$h1824
=CAT  \\$a1805-0738$c20190104$lBLL01$h1811
=CAT  \\$a1805-0738$b00$c20190104$lBLL01$h1852
=CAT  \\$aW1910-0531$b00$c20191108$lBLL01$h1824
=CAT  \\$aW1910-0531$b00$c20200417$lBLL01$h1856
=CAT  \\$aW2007-1719$c20200806$lBLL01$h1507
=FIN  \\$aY$d20150628
=LKR  \\$aPAR$lBLL01$r776$b001080465$m[Treaty of Utrecht, 11 April 1713.] The Two Treaties between Great Britain and France, the former ratified ... 1713, the latter signed ... 1786, compared article by article ... Together with the substance of forty-six petitions presented against the former treaty by the manufacturing interests of Great Britain, etc.$n[Treaty of Utrecht, 11 April 1713.] The Two Treaties between Great Britain and France, the former ratified ... 1713, the latter signed ... 1786, compared article by article ... Together with the substance of forty-six petitions presented against the former treaty by the manufacturing interests of Great Britain, etc.
=DGM  \\$a001080465$bCatBridge variable field
=DRT  \\$aGOOGLEBOOKS
=SRC  \\$aGOOGLEBOOKS$bGoogleBooks_20150627
=OHC  \\$a1
=LAS  \\$aW2007-1719$b00$c20200806$lBLL01$h1507

