=LDR  02495cam a22005533  4500
=001  017417555
=003  Uk
=005  20220615171105.0
=007  cr\mn\024mpada
=008  880308|1773||||xxu\\\\|s\\\\\|||\||eng\\
=FMT  \\$a  BK
=019  x\$a0650900030
=040  \\$aUk$cUk
=100  1\$aCOCKINGS, George.
=245  15$a[The Conquest of Canada; or the Siege of Quebec. An historical tragedy. Of five acts. [In verse.]]
=264  \1$aAlbany :$bA. & J. Robertson,$c1773.
=300  \\$a75 pages ;$c(8º)
=336  \\$atext$2rdacontent
=337  \\$acomputer$2rdamedia
=338  \\$aonline$2rdacarrier
=340  \\$m8vo$2rdabf
=787  0\$tThe Conquest of Canada; or the Siege of Quebec. An historical tragedy. Of five acts. [In verse.]$w(Uk)MP1.0000771451$dpp. v. 76. Printed for the Author: London, 1766. 8º.
=859  \\$aXLD$bGOOGLEBOOKS$bFrance in the Americas Project
=856  41$uhttp://books.google.co.uk/books?vid=BL:A0019547756$yGoogle_Books
=883  0\$aLanguage codes assigned by Bayesian analysis of words present in record$d20200826$qUk$c0.9919
=852  4\$cDRT$jDigital Store 841.a.27.$aBritish Library$bHMNTS
=985  \\$aCorrected by BSS-generated file
=985  \\$aCorrected by BSS-generated file for WR# 11/211
=985  \\$aCorrected by MS generated file for WR# 1805-0738
=985  \\$aEnhanced by MS generated file for WR# 12/139
=985  \\$aUpgraded by BSS-generated file for WR2009-0365
=985  \\$aCorrected by MS generated file for WR# 2206-0922 (250 field removed)
=CAT  \\$aBATCH-DCW$b00$c20150630$lBLL01$h0202
=CAT  \\$aBATCH-UPD$b00$c20150630$lBLL01$h0203
=CAT  \\$aWR15_122$c20151024$lBLL01$h1941
=CAT  \\$aWR14_057$b00$c20151129$lBLL01$h1956
=CAT  \\$aR1710-0956$b00$c20171020$lBLL01$h1825
=CAT  \\$a1805-0738$c20190104$lBLL01$h1811
=CAT  \\$a1805-0738$b00$c20190104$lBLL01$h1853
=CAT  \\$aW2007-1719$c20200806$lBLL01$h1507
=CAT  \\$aW2009-0365$b00$c20200928$lBLL01$h1533
=CAT  \\$aW2206-0922$c20220615$lBLL01$h1711
=FIN  \\$aY$d20150630
=LKR  \\$aPAR$lBLL01$r776$b000733593$m[The Conquest of Canada; or the Siege of Quebec. An historical tragedy. Of five acts. [In verse.]]$n[The Conquest of Canada; or the Siege of Quebec. An historical tragedy. Of five acts. [In verse.]]
=DGM  \\$a000733593$bCatBridge variable field
=DRT  \\$aGOOGLEBOOKS
=SRC  \\$aGOOGLEBOOKS$bGoogleBooks_20150629
=OHC  \\$a1
=LAS  \\$aW2206-0922$b00$c20220615$lBLL01$h1711

