=LDR  03845 am a22004813  4500
=001  017480316
=003  Uk
=005  20191108182536.0
=007  cr\mn\024mpada
=008  900418|1760||||enk\\\\|s\\\\\|||\||eng\\
=FMT  \\$a  BK
=019  x\$a3061400060
=040  \\$aUk$cUk
=100  1\$aSMITH, Thomas,$cLecturer at St. Giles's, Cripplegate.
=245  14$aThe Terrible Calamities that are occasioned by War, and the blessedness of a people that live under the protection of God: a sermon [on Psal. xcvii. 1] preached ... Nov. 29, 1759, being the day appointed ... for a general thanksgiving to Almighty God for ... the taking of Quebec: ... To which have since been added, some observations on Divine Providence, etc.
=264  \1$aLondon :$bPrinted for the Author,$c1760.
=300  \\$a35 pages ;$c(8º)
=336  \\$atext$2rdacontent
=337  \\$acomputer$2rdamedia
=338  \\$aonline$2rdacarrier
=340  \\$m8vo$2rdabf
=775  0\$t[The Terrible Calamities that are occasioned by War, and the blessedness of a people that live under the protection of God: a sermon [on Psal. xcvii. 1] preached ... Nov. 29, 1759, being the day appointed ... for a general thanksgiving to Almighty God for ... the taking of Quebec: ... To which have since been added, some observations on Divine Providence, etc.]$w(Uk)MP1.0003652561.1$dLondon, 1766. 8º.
=859  \\$aXLD$bGOOGLEBOOKS$bFrance in the Americas Project
=856  41$uhttp://books.google.co.uk/books?vid=BL:A0019766757$yGoogle_Books
=852  4\$cDRT$jDigital Store 693.e.22.(1.)$aBritish Library$bHMNTS
=985  \\$aUpgraded by BSS-generated file for WR1910-0531
=CAT  \\$aBATCH-DCW$b00$c20150810$lBLL01$h0202
=CAT  \\$aBATCH-UPD$b00$c20150810$lBLL01$h0206
=CAT  \\$aWR15_122$c20151024$lBLL01$h1945
=CAT  \\$aWR14_057$b00$c20151129$lBLL01$h2002
=CAT  \\$aR1710-0956$b00$c20171020$lBLL01$h1827
=CAT  \\$a1805-0738$c20190104$lBLL01$h1814
=CAT  \\$a1805-0738$b00$c20190104$lBLL01$h1855
=CAT  \\$aW1910-0531$b00$c20191108$lBLL01$h1825
=CAT  \\$aW2007-1719$c20200806$lBLL01$h1507
=FIN  \\$aY$d20150810
=LKR  \\$aPAR$b003423885$r775$mThe Terrible Calamities that are occasioned by War, and the blessedness of a people that live under the protection of God: a sermon [on Psal. xcvii. 1] preached ... Nov. 29, 1759, being the day appointed ... for a general thanksgiving to Almighty God for ... the taking of Quebec: ... To which have since been added, some observations on Divine Providence, etc.$n[The Terrible Calamities that are occasioned by War, and the blessedness of a people that live under the protection of God: a sermon [on Psal. xcvii. 1] preached ... Nov. 29, 1759, being the day appointed ... for a general thanksgiving to Almighty God for ... the taking of Quebec: ... To which have since been added, some observations on Divine Providence, etc.]
=LKR  \\$aPAR$lBLL01$r776$b003423884$mThe Terrible Calamities that are occasioned by War, and the blessedness of a people that live under the protection of God: a sermon [on Psal. xcvii. 1] preached ... Nov. 29, 1759, being the day appointed ... for a general thanksgiving to Almighty God for ... the taking of Quebec: ... To which have since been added, some observations on Divine Providence, etc.$nThe Terrible Calamities that are occasioned by War, and the blessedness of a people that live under the protection of God: a sermon [on Psal. xcvii. 1] preached ... Nov. 29, 1759, being the day appointed ... for a general thanksgiving to Almighty God for ... the taking of Quebec: ... To which have since been added, some observations on Divine Providence, etc.
=DGM  \\$a003423884$bCatBridge variable field
=DRT  \\$aGOOGLEBOOKS
=SRC  \\$aGOOGLEBOOKS$bGoogleBooks_20150809
=OHC  \\$a1
=LAS  \\$aW2007-1719$b00$c20200806$lBLL01$h1507

