=LDR  02381 am a22004573  4500
=001  017491438
=003  Uk
=005  20200417185828.0
=007  cr\mn\024mpada
=008  890228|1704|||||||\\\\|s\\\\\|||\||fre\\
=FMT  \\$a  BK
=019  x\$a1964310318
=040  \\$aUk$cUk
=100  1\$aLOM D'ARCE, Louis Armand de,$cBaron de Lahontan.
=245  10$aDialogues de Monsieur le Baron de Lahontan et d'un Sauvage, dans l'Amérique. Contenant une description exacte des mœurs & des coutumes de ces peuples sauvages. Avec les voyages du même en Portugal & en Danemarc ... Le tout enrichi de cartes & de figures.
=264  \1$aAmsterdam,$c1704.
=300  \\$a222 pages ;$c(12º)
=336  \\$atext$2rdacontent
=337  \\$acomputer$2rdamedia
=338  \\$aonline$2rdacarrier
=340  \\$m12mo$2rdabf
=500  \\$aA reissue, with a different titlepage, of vol. 3 of the so-called "Angel" issue of 1703.
=859  \\$aXLD$bGOOGLEBOOKS$bFrance in the Americas Project
=856  41$uhttp://books.google.co.uk/books?vid=BL:A0019743579$yGoogle_Books
=852  4\$cDRT$jDigital Store 1052.a.28.$aBritish Library$bHMNTS
=985  \\$aUpgraded by BSS-generated file for WR1910-0531
=CAT  \\$aBATCH-DCW$b00$c20150815$lBLL01$h0204
=CAT  \\$aWR15_122$c20151024$lBLL01$h1946
=CAT  \\$aWR14_057$b00$c20151129$lBLL01$h1959
=CAT  \\$aR1710-0956$b00$c20171020$lBLL01$h1827
=CAT  \\$a1805-0738$c20190104$lBLL01$h1814
=CAT  \\$a1805-0738$b00$c20190104$lBLL01$h1855
=CAT  \\$aW1910-0531$b00$c20200417$lBLL01$h1858
=CAT  \\$aW2007-1719$c20200806$lBLL01$h1507
=FIN  \\$aY$d20150815
=LKR  \\$aPAR$lBLL01$r776$b002215559$mDialogues de Monsieur le Baron de Lahontan et d'un Sauvage, dans l'Amérique. Contenant une description exacte des mœurs & des coutumes de ces peuples sauvages. Avec les voyages du même en Portugal & en Danemarc ... Le tout enrichi de cartes & de figures.$nDialogues de Monsieur le Baron de Lahontan et d'un Sauvage, dans l'Amérique. Contenant une description exacte des mœurs & des coutumes de ces peuples sauvages. Avec les voyages du même en Portugal & en Danemarc ... Le tout enrichi de cartes & de figures.
=DGM  \\$a002215559$bCatBridge variable field
=DRT  \\$aGOOGLEBOOKS
=SRC  \\$aGOOGLEBOOKS$bGoogleBooks_20150814
=OHC  \\$a1
=LAS  \\$aW2007-1719$b00$c20200806$lBLL01$h1507

