=LDR  01742 am a22004573  4500
=001  017505367
=003  Uk
=005  20190614185940.0
=007  cr\mn\024mpada
=008  890210|1702|||||||\\\\|s\\\\\|||\||fre\\
=FMT  \\$a  BK
=019  x\$a1820210324
=040  \\$aUk$cUk
=100  1\$aLA CROIX DE CHEVRIERS DE SAINT-VALIER, Jean Baptiste de,$cBishop of Quebec.
=245  10$aCatechisme du diocese de Quebec, etc.
=264  \1$aParis,$c1702.
=300  \\$c(12º)
=336  \\$atext$2rdacontent
=337  \\$acomputer$2rdamedia
=338  \\$aonline$2rdacarrier
=340  \\$m12mo$2rdabf
=859  \\$aXLD$bGOOGLEBOOKS$bFrance in the Americas Project
=856  41$uhttp://books.google.co.uk/books?vid=BL:A0019766384$yGoogle_Books
=883  0\$aLanguage codes assigned by Bayesian analysis of words present in record$d20181024$qUk$c0.997
=852  4\$cDRT$jDigital Store 1018.h.24.$aBritish Library$bHMNTS
=985  \\$aCorrected by BSS-generated file for WR# 10/107
=985  \\$aCorrected by MS generated file for WR# 1805-0738
=CAT  \\$aBATCH-DCW$b00$c20150825$lBLL01$h0200
=CAT  \\$aWR14_057$b00$c20151129$lBLL01$h1959
=CAT  \\$aR1710-0956$b00$c20171020$lBLL01$h1827
=CAT  \\$a1805-0738$c20181228$lBLL01$h1849
=CAT  \\$a1805-0738$b00$c20181228$lBLL01$h1931
=CAT  \\$aW1903-1550$b00$c20190614$lBLL01$h1859
=CAT  \\$aW2007-1719$c20200806$lBLL01$h1507
=FIN  \\$aY$d20150825
=LKR  \\$aPAR$lBLL01$r776$b002047451$mCatechisme du diocese de Quebec, etc.$nCatechisme du diocese de Quebec, etc.
=DGM  \\$a002047451$bCatBridge variable field
=DRT  \\$aGOOGLEBOOKS
=SRC  \\$aGOOGLEBOOKS$bGoogleBooks_20150824
=OHC  \\$a1
=LAS  \\$aW2007-1719$b00$c20200806$lBLL01$h1507

