=LDR  02652 am a22005173  4500
=001  017510178
=003  Uk
=005  20200928153409.0
=007  cr\mn\024mpada
=008  010205|1748||||enk\\\\|s\\\\||||\||eng\\
=FMT  \\$a  BK
=019  x\$a2141010268
=040  \\$aUk$cUk
=240  10$aThe interests of the Empress-Queen, the Kings of France and Spain, and their principal Allies ... betrayed in the Preliminary Articles, signed at Aix-la-Chapelle, the 30th of April, 1748. Translated from the French.
=245  10$aMinisterial Artifice detected, or, a Full answer to a pamphlet lately published, intitled, The Interests of the Empress Queen ... betrayed, etc.
=264  \1$aLondon printed; re-printed and sold by the booksellers: Dublin,$c1748.
=300  \\$a22 pages ;$c(8º)
=336  \\$atext$2rdacontent
=337  \\$acomputer$2rdamedia
=338  \\$aonline$2rdacarrier
=340  \\$m8vo$2rdabf
=720  \\$aARTIFICE
=720  \\$aMARY THERESA, Queen of Hungary and Bohemia, Empress Consort of Francis I, Emperor of Germany$emain entry
=720  \\$aMARY THERESA, Queen of Hungary and Bohemia, Empress Consort of Francis I, Emperor of Germany. Appendix
=859  \\$aXLD$bGOOGLEBOOKS$bFrance in the Americas Project
=886  2\$2blmarc$a709$b00$aARTIFICE$p1608/325.$x0121860108
=856  41$uhttp://books.google.co.uk/books?vid=BL:A0019850165$yGoogle_Books
=883  0\$aLanguage codes assigned by Bayesian analysis of words present in record$d20200826$qUk$c0.9919
=852  4\$cDRT$jDigital Store 1608/325.$aBritish Library$bHMNTS
=985  \\$aUpgraded by BSS-generated file for WR1910-0531
=985  \\$aUpgraded by BSS-generated file for WR2009-0365
=CAT  \\$aBATCH-DCW$b00$c20150828$lBLL01$h0205
=CAT  \\$aWR14_057$b00$c20151129$lBLL01$h2000
=CAT  \\$aR1710-0956$b00$c20171020$lBLL01$h1828
=CAT  \\$a1805-0738$c20181228$lBLL01$h1849
=CAT  \\$a1805-0738$b00$c20181228$lBLL01$h1931
=CAT  \\$aW1910-0531$b00$c20191108$lBLL01$h1826
=CAT  \\$aW2007-1719$c20200806$lBLL01$h1507
=CAT  \\$aW2009-0365$b00$c20200928$lBLL01$h1534
=FIN  \\$aY$d20150828
=LKR  \\$aPAR$lBLL01$r776$b002410550$mMinisterial Artifice detected, or, a Full answer to a pamphlet lately published, intitled, The Interests of the Empress Queen ... betrayed, etc.$nMinisterial Artifice detected, or, a Full answer to a pamphlet lately published, intitled, The Interests of the Empress Queen ... betrayed, etc.
=DGM  \\$a002410550$bCatBridge variable field
=DRT  \\$aGOOGLEBOOKS
=SRC  \\$aGOOGLEBOOKS$bGoogleBooks_20150827
=OHC  \\$a1
=LAS  \\$aW2009-0365$b00$c20200928$lBLL01$h1534

