=LDR  01803 am a22004213  4500
=001  017564867
=003  Uk
=005  20151003020301.0
=007  cr\mn\024mpada
=008  870918s1776\\\\fr\\\\\\s\\\\\001\0\fre\\
=FMT  \\$a  BK
=019  x\$a0070760055
=019  x\$a1530520185
=040  \\$aUk$cUk$dUk
=100  1\$aHornot, Antoine.
=245  10$aAnecdotes américaines, ou, Histoire abregée des principaux événemens arrivés dans le Nouveau Monde depuis sa découverte /$c[Antoine Hornot.]
=260  \\$aParis :$bChez Vincent,$c1776.
=300  \\$axv, 782 p. ;$c18 cm.
=336  \\$atext$2rdacontent
=337  \\$acomputer$2rdamedia
=338  \\$aonline$2rdacarrier
=651  \0$aAmerica$xDescription and travel.
=651  \0$aAmerica$xDiscovery and exploration.
=651  \0$aUnited States$xHistory$yColonial period, ca. 1600-1775.
=859  \\$aXLD$bGOOGLEBOOKS$bFrance in the Americas Project
=856  41$uhttp://books.google.co.uk/books?vid=BL:A0020051935$yGoogle_Books
=852  4\$cDRT$jDigital Store 1197.b.19.$aBritish Library$bHMNTS
=CAT  \\$aBATCH-DCW$b00$c20151003$lBLL01$h0203
=CAT  \\$aWR14_057$b00$c20151129$lBLL01$h1955
=CAT  \\$aR1710-0956$b00$c20171026$lBLL01$h1826
=CAT  \\$aW2007-1719$c20200806$lBLL01$h1507
=FIN  \\$aY$d20151003
=LKR  \\$aPAR$lBLL01$r776$b000069430$mAnecdotes américaines, ou, Histoire abregée des principaux événemens arrivés dans le Nouveau Monde depuis sa découverte /$nAnecdotes américaines, ou, Histoire abregée des principaux événemens arrivés dans le Nouveau Monde depuis sa découverte /
=DGM  \\$a000069430$bCatBridge variable field
=DRT  \\$aGOOGLEBOOKS
=SRC  \\$aGOOGLEBOOKS$bGoogleBooks_20151002
=OHC  \\$a1
=LAS  \\$aW2007-1719$b00$c20200806$lBLL01$h1507

