=LDR  02246 am a22004573  4500
=001  017649581
=003  Uk
=005  20190614190212.0
=007  cr\mn\024mpada
=008  030127|1837|||||||\\\\|s\\\\\|||\||fre\\
=FMT  \\$a  BK
=019  x\$a1054400156
=040  \\$aUk$cUk
=100  1\$aFARIBAULT, G. B.
=245  10$aCatalogue d'ouvrages sur l'histoire de l'Amérique et en particulier sur celle du Canada, de la Louisiane, de l'Acadie, et autres lieux, ci-devant connus sous le nom de Nouvelle-France; avec des notes bibliographiques, etc.
=264  \1$aQuébec,$c1837.
=300  \\$c(8º)
=336  \\$atext$2rdacontent
=337  \\$acomputer$2rdamedia
=338  \\$aonline$2rdacarrier
=340  \\$m8vo$2rdabf
=859  \\$aXLD$bGOOGLEBOOKS$bFrance in the Americas Project
=856  41$uhttp://books.google.com/books?vid=BL:A0020597162$yGoogle_Books
=883  0\$aLanguage codes assigned by Bayesian analysis of words present in record$d20181024$qUk$c0.997
=852  4\$cDRT$jDigital Store Cup.403.t.10.$aBritish Library$bHMNTS
=985  \\$aCorrected by BSS-generated file for WR# 11/211
=985  \\$aCorrected by MS generated file for WR# 1805-0738
=CAT  \\$aBATCH-DCW$b00$c20151207$lBLL01$h0202
=CAT  \\$aWR14_057$b00$c20160502$lBLL01$h1158
=CAT  \\$aR1710-0956$b00$c20171026$lBLL01$h1828
=CAT  \\$a1805-0738$c20190104$lBLL01$h1821
=CAT  \\$a1805-0738$b00$c20190104$lBLL01$h1901
=CAT  \\$aW1903-1550$b00$c20190614$lBLL01$h1902
=CAT  \\$aW2007-1719$c20200806$lBLL01$h1507
=FIN  \\$aY$d20151207
=LKR  \\$aPAR$lBLL01$r776$b001199465$mCatalogue d'ouvrages sur l'histoire de l'Amérique et en particulier sur celle du Canada, de la Louisiane, de l'Acadie, et autres lieux, ci-devant connus sous le nom de Nouvelle-France; avec des notes bibliographiques, etc.$nCatalogue d'ouvrages sur l'histoire de l'Amérique et en particulier sur celle du Canada, de la Louisiane, de l'Acadie, et autres lieux, ci-devant connus sous le nom de Nouvelle-France; avec des notes bibliographiques, etc.
=DGM  \\$a001199465$bCatBridge variable field
=DRT  \\$aGOOGLEBOOKS
=SRC  \\$aGOOGLEBOOKS$bGoogleBooks_20151206
=OHC  \\$a1
=LAS  \\$aW2007-1719$b00$c20200806$lBLL01$h1507

