=LDR  01879 am a22004573  4500
=001  017663375
=003  Uk
=005  20190614190229.0
=007  cr\mn\024mpada
=008  900214|1697|||||||\\\\|s\\\\||||\||fre\\
=FMT  \\$a  BK
=019  x\$a2862360007
=040  \\$aUk$cUk
=240  10$aFrance and Germany, 30 Oct. 1697
=245  10$aTraite de paix entre l'Empereur, la France, et l'Empire Conclu a Ryswick, le trentième Octobre 1697.
=264  \1$aParis,$c1697.
=300  \\$c(4º)
=336  \\$atext$2rdacontent
=337  \\$acomputer$2rdamedia
=338  \\$aonline$2rdacarrier
=340  \\$m4to$2rdabf
=720  \\$aRYSWICK, Treaties of$emain entry
=859  \\$aXLD$bGOOGLEBOOKS$bFrance in the Americas Project
=856  41$uhttp://books.google.com/books?vid=BL:A0020731130$yGoogle_Books
=883  0\$aLanguage codes assigned by Bayesian analysis of words present in record$d20181024$qUk$c0.997
=852  4\$cDRT$jDigital Store 594.e.16.(7.)$aBritish Library$bHMNTS
=985  \\$aCorrected by MS generated file for WR# 1805-0738
=CAT  \\$aBATCH-DCW$b00$c20151213$lBLL01$h0201
=CAT  \\$aWR14_057$b00$c20160502$lBLL01$h1159
=CAT  \\$aR1710-0956$b00$c20171026$lBLL01$h1829
=CAT  \\$a1805-0738$c20190104$lBLL01$h1822
=CAT  \\$a1805-0738$b00$c20190104$lBLL01$h1902
=CAT  \\$aW1903-1550$b00$c20190614$lBLL01$h1902
=CAT  \\$aW2007-1719$c20200806$lBLL01$h1507
=FIN  \\$aY$d20151213
=LKR  \\$aPAR$lBLL01$r776$b003211236$mTraite de paix entre l'Empereur, la France, et l'Empire Conclu a Ryswick, le trentième Octobre 1697.$nTraite de paix entre l'Empereur, la France, et l'Empire Conclu a Ryswick, le trentième Octobre 1697.
=DGM  \\$a003211236$bCatBridge variable field
=DRT  \\$aGOOGLEBOOKS
=SRC  \\$aGOOGLEBOOKS$bGoogleBooks_20151212
=OHC  \\$a1
=LAS  \\$aW2007-1719$b00$c20200806$lBLL01$h1507

