=LDR  02063 am a22004453  4500
=001  017674399
=003  Uk
=005  20191108183038.0
=007  cr\mn\024mpada
=008  880603|1712||||enk\\\\|s\\\\||||\||eng\\
=FMT  \\$a  BK
=019  x\$a0953210081
=040  \\$aUk$cUk
=110  1\$aEngland.
=240  10$aTreaties, etc.. II. Chronological Series. Anne. [1702-1714.]
=245  14$aThe History of the Treaty of Utrecht ... To which is occasionally added, A Brief Relation of the Progress of the Arms of the Allies, and a state of their affairs at the commencement of the Treaty.
=264  \1$aLondon,$c1712.
=300  \\$a426 pages ;$c(8º)
=336  \\$atext$2rdacontent
=337  \\$acomputer$2rdamedia
=338  \\$aonline$2rdacarrier
=340  \\$m8vo$2rdabf
=859  \\$aXLD$bGOOGLEBOOKS$bFrance in the Americas Project
=856  41$uhttp://books.google.com/books?vid=BL:A0020731199$yGoogle_Books
=852  4\$cDRT$jDigital Store 595.e.2.$aBritish Library$bHMNTS
=985  \\$aUpgraded by BSS-generated file for WR1910-0531
=CAT  \\$aBATCH-DCW$b00$c20151222$lBLL01$h0203
=CAT  \\$aWR14_057$b00$c20160502$lBLL01$h1159
=CAT  \\$aR1710-0956$b00$c20171026$lBLL01$h1829
=CAT  \\$a1805-0738$c20190104$lBLL01$h1823
=CAT  \\$a1805-0738$b00$c20190104$lBLL01$h1902
=CAT  \\$aW1910-0531$b00$c20191108$lBLL01$h1830
=CAT  \\$aW2007-1719$c20200806$lBLL01$h1507
=FIN  \\$aY$d20151222
=LKR  \\$aPAR$lBLL01$r776$b001080471$mThe History of the Treaty of Utrecht ... To which is occasionally added, A Brief Relation of the Progress of the Arms of the Allies, and a state of their affairs at the commencement of the Treaty.$nThe History of the Treaty of Utrecht ... To which is occasionally added, A Brief Relation of the Progress of the Arms of the Allies, and a state of their affairs at the commencement of the Treaty.
=DGM  \\$a001080471$bCatBridge variable field
=DRT  \\$aGOOGLEBOOKS
=SRC  \\$aGOOGLEBOOKS$bGoogleBooks_20151221
=OHC  \\$a1
=LAS  \\$aW2007-1719$b00$c20200806$lBLL01$h1507

