=LDR  02187 am a22004573  4500
=001  017690350
=003  Uk
=005  20190614190310.0
=007  cr\mn\024mpada
=008  880726|1653|||||||\\\\|s\\\\||||\||fre\\
=FMT  \\$a  BK
=019  x\$a1160890277
=040  \\$aUk$cUk
=110  2\$aFRENCH AMERICAN COMPANY.
=245  10$aMémoire pour servir de breve Instruction, tant aux Directeurs & Commissionnaires provinciaux de la grande Compagnie de l'Amérique qu'à ceux qui s'y voudront interesser ou passer dans le païs.
=264  \1$aParis,$c1653.
=300  \\$a35 pages ;$c(4º)
=336  \\$atext$2rdacontent
=337  \\$acomputer$2rdamedia
=338  \\$aonline$2rdacarrier
=340  \\$m4to$2rdabf
=859  \\$aXLD$bGOOGLEBOOKS$bFrance in the Americas Project
=856  41$uhttp://books.google.com/books?vid=BL:A0020750564$yGoogle_Books
=883  0\$aLanguage codes assigned by Bayesian analysis of words present in record$d20181024$qUk$c0.997
=852  4\$cDRT$jDigital Store 523.k.8.(2.)$aBritish Library$bHMNTS
=985  \\$aCorrected by BSS-generated file for WR# 11/031
=985  \\$aCorrected by MS generated file for WR# 1805-0738
=CAT  \\$aBATCH-DCW$b00$c20160104$lBLL01$h1117
=CAT  \\$aWR14_057$b00$c20160502$lBLL01$h1159
=CAT  \\$aR1710-0956$b00$c20171026$lBLL01$h1830
=CAT  \\$a1805-0738$c20190104$lBLL01$h1824
=CAT  \\$a1805-0738$b00$c20190104$lBLL01$h1903
=CAT  \\$aW1903-1550$b00$c20190614$lBLL01$h1903
=CAT  \\$aW2007-1719$c20200806$lBLL01$h1507
=FIN  \\$aY$d20160104
=LKR  \\$aPAR$lBLL01$r776$b001322313$mMémoire pour servir de breve Instruction, tant aux Directeurs & Commissionnaires provinciaux de la grande Compagnie de l'Amérique qu'à ceux qui s'y voudront interesser ou passer dans le païs.$nMémoire pour servir de breve Instruction, tant aux Directeurs & Commissionnaires provinciaux de la grande Compagnie de l'Amérique qu'à ceux qui s'y voudront interesser ou passer dans le païs.
=DGM  \\$a001322313$bCatBridge variable field
=DRT  \\$aGOOGLEBOOKS
=SRC  \\$aGOOGLEBOOKS$bGoogleBooks_20160102
=OHC  \\$a1
=LAS  \\$aW2007-1719$b00$c20200806$lBLL01$h1507

