=LDR  01640 am a22004453  4500
=001  017720558
=003  Uk
=005  20191108183132.0
=007  cr\mn\024mpada
=008  871021|1745||||enk\\\\|s\\\\\|||\||eng\\
=FMT  \\$a  BK
=019  x\$a0133700151
=040  \\$aUk$cUk
=100  10$aAuckmuty, Robert.
=245  14$aThe Importance of Cape Breton to the British Nation.
=264  \1$aLondon :$bW. Bickerton,$c1745.
=300  \\$a7 pages ;$c(folio)
=336  \\$atext$2rdacontent
=337  \\$acomputer$2rdamedia
=338  \\$aonline$2rdacarrier
=340  \\$mfolio$2rdabf
=859  \\$aXLD$bGOOGLEBOOKS$bFrance in the Americas Project
=856  41$uhttp://books.google.com/books?vid=BL:A0020750852$yGoogle_Books
=852  4\$cDRT$jDigital Store 599.k.19.(12.)$aBritish Library$bHMNTS
=985  \\$aUpgraded by BSS-generated file for WR1910-0531
=CAT  \\$aBATCH-DCW$b00$c20160201$lBLL01$h0201
=CAT  \\$aBATCH-UPD$b00$c20160201$lBLL01$h0201
=CAT  \\$aWR14_057$b00$c20160502$lBLL01$h1159
=CAT  \\$aR1710-0956$b00$c20171026$lBLL01$h1831
=CAT  \\$a1805-0738$c20190104$lBLL01$h1825
=CAT  \\$a1805-0738$b00$c20190104$lBLL01$h1905
=CAT  \\$aW1910-0531$b00$c20191108$lBLL01$h1831
=CAT  \\$aW2007-1719$c20200806$lBLL01$h1507
=FIN  \\$aY$d20160201
=LKR  \\$aPAR$lBLL01$r776$b000139221$mThe Importance of Cape Breton to the British Nation.$nThe Importance of Cape Breton to the British Nation.
=DGM  \\$a000139221$bCatBridge variable field
=DRT  \\$aGOOGLEBOOKS
=SRC  \\$aGOOGLEBOOKS$bGoogleBooks_20160131
=OHC  \\$a1
=LAS  \\$aW2007-1719$b00$c20200806$lBLL01$h1507

