=LDR  02357 am a22004933  4500
=001  017720633
=003  Uk
=005  20200417190342.0
=007  cr\mn\024mpada
=008  880616|1745||||enk\\\\|s\\\\\|||\||eng\\
=FMT  \\$a  BK
=019  x\$a0895200309
=040  \\$aUk$cUk
=100  1\$aDURELL, Philip.
=245  12$aA particular account of the taking Cape Breton ... by Admiral Warren and Sir W. Pepperell, 17th June, 1745, with ... a letter from an Officer of Marines ... giving an account of the siege of Louisbourg, etc.
=264  \1$aLondon,$c1745.
=300  \\$c(folio)
=336  \\$atext$2rdacontent
=337  \\$acomputer$2rdamedia
=338  \\$aonline$2rdacarrier
=340  \\$mfolio$2rdabf
=700  1\$aPEPPERELL, William,$cSir,$cBart.
=700  1\$aWARREN, Peter,$cRight Hon. Sir.
=859  \\$aXLD$bGOOGLEBOOKS$bFrance in the Americas Project
=886  2\$2blmarc$a709$b00$aPEPPERELL$eSir$hWilliam$fBart.$p599.k.19.(11.)$x2512410188
=886  2\$2blmarc$a709$b00$aWARREN$eRight Hon. Sir$hPeter$p599.k.19.(11.)$x3452780023
=856  41$uhttp://books.google.com/books?vid=BL:A0020750851$yGoogle_Books
=852  4\$cDRT$jDigital Store 599.k.19.(11.)$aBritish Library$bHMNTS
=985  \\$aUpgraded by BSS-generated file for WR1910-0531
=CAT  \\$aBATCH-DCW$b00$c20160201$lBLL01$h0201
=CAT  \\$aWR14_057$b00$c20170504$lBLL01$h1839
=CAT  \\$aR1710-0956$b00$c20171026$lBLL01$h1831
=CAT  \\$a1805-0738$c20190104$lBLL01$h1825
=CAT  \\$a1805-0738$b00$c20190104$lBLL01$h1905
=CAT  \\$aW1910-0531$b00$c20191108$lBLL01$h1831
=CAT  \\$aW1910-0531$b00$c20200417$lBLL01$h1903
=CAT  \\$aW2007-1719$c20200806$lBLL01$h1507
=FIN  \\$aY$d20160201
=LKR  \\$aPAR$lBLL01$r776$b001014481$mA particular account of the taking Cape Breton ... by Admiral Warren and Sir W. Pepperell, 17th June, 1745, with ... a letter from an Officer of Marines ... giving an account of the siege of Louisbourg, etc.$nA particular account of the taking Cape Breton ... by Admiral Warren and Sir W. Pepperell, 17th June, 1745, with ... a letter from an Officer of Marines ... giving an account of the siege of Louisbourg, etc.
=DGM  \\$a001014481$bCatBridge variable field
=DRT  \\$aGOOGLEBOOKS
=SRC  \\$aGOOGLEBOOKS$bGoogleBooks_20160131
=OHC  \\$a1
=LAS  \\$aW2007-1719$b00$c20200806$lBLL01$h1507

