=LDR  03062 am a22004933  4500
=001  017837793
=003  Uk
=005  20160505020123.0
=007  cr\mn\024mpada
=008  890201s1630\\\\fr\\\\\|s\\\\\|||\||iro\\
=FMT  \\$a  BK
=019  x\$a1872000010
=040  \\$aUk$cUk
=100  1\$aLedisma, Jacobus,$d1519-1575.
=245  10$aDoctrine Chrestienne, du R. P. Ledesme de la Compagnie de Iesus. Traduite en Langage Canadois, pour la conversion des habitans dudit pays. Par un Pere de la mesme Compagnie [J. de Brebeuf]. Fr. and Canadian.
=264  \1$aRouen ;$aChez Richard L'Allemant,$c1630.
=300  \\$a26 pages ;$c(8º)
=336  \\$atext$2rdacontent
=337  \\$acomputer$2rdamedia
=338  \\$aonline$2rdacarrier
=340  \\$m8vo$2rdabf
=720  \\$aJOHN [de Brébeuf], Saint and Martyr
=775  0\$t[Doctrine Chrestienne, du R. P. Ledesme de la Compagnie de Jésus. Traduite en Langage Canadois, pour la conversion des habitans dudit pays, par un Père de la mesme Compagnie [J. de Brebeuf].$w(Uk)MP1.0002237380.1$nIn Champlain (S. de) Les Voyages de la Nouvelle France, etc. 1632. 4º.
=859  \\$aXLD$bGOOGLEBOOKS$bFrance in the Americas Project
=886  2\$2blmarc$a709$b00$aJOHN [de Brébeuf], Saint and Martyr$p3504.b.37.$x1663440255$p981.d.21.$x1663440255
=856  41$uhttp://books.google.com/books?vid=BL:A0021201177$yGoogle_Books
=852  4\$cDRT$jDigital Store 3504.b.37.$aBritish Library$bHMNTS
=985  \\$aDisaggregated record: Type B
=985  \\$aCorrected by MS generated file for WR# 1805-0738
=CAT  \\$aBATCH-DCW$b00$c20160505$lBLL01$h0201
=CAT  \\$aBATCH-UPD$b00$c20160505$lBLL01$h0202
=CAT  \\$aWR14_057$b00$c20170504$lBLL01$h1840
=CAT  \\$aR1710-0956$b00$c20171102$lBLL01$h1859
=CAT  \\$a1805-0738$c20190104$lBLL01$h1828
=CAT  \\$a1805-0738$b00$c20190104$lBLL01$h1907
=CAT  \\$aW2007-1719$c20200806$lBLL01$h1507
=FIN  \\$aY$d20160505
=LKR  \\$aPAR$b002108757$lBLL01$r775$mDoctrine Chrestienne, du R. P. Ledesme de la Compagnie de Jésus. Traduite en Langage Canadois, pour la conversion des habitans dudit pays, par un Père de la mesme Compagnie [J. de Brebeuf]. Fr. and Canadian.$n[Doctrine Chrestienne, du R. P. Ledesme de la Compagnie de Jésus. Traduite en Langage Canadois, pour la conversion des habitans dudit pays, par un Père de la mesme Compagnie [J. de Brebeuf]. Fr. and Canadian.]
=LKR  \\$aPAR$lBLL01$r776$b002108756$mDoctrine Chrestienne, du R. P. Ledesme de la Compagnie de Iesus. Traduite en Langage Canadois, pour la conversion des habitans dudit pays. Par un Pere de la mesme Compagnie [J. de Brebeuf]. Fr. and Canadian.$nDoctrine Chrestienne, du R. P. Ledesme de la Compagnie de Iesus. Traduite en Langage Canadois, pour la conversion des habitans dudit pays. Par un Pere de la mesme Compagnie [J. de Brebeuf]. Fr. and Canadian.
=DGM  \\$a002108756$bCatBridge variable field
=DRT  \\$aGOOGLEBOOKS
=SRC  \\$aGOOGLEBOOKS$bGoogleBooks_20160504
=OHC  \\$a1
=LAS  \\$aW2007-1719$b00$c20200806$lBLL01$h1507

