=LDR  01994 am a22004573  4500
=001  017846214
=003  Uk
=005  20190614190459.0
=007  cr\mn\024mpada
=008  870918|1678|||||||\\\\|s\\\\||||\||fre\\
=FMT  \\$a  BK
=019  x\$a0070580308
=040  \\$aUk$cUk
=245  10$aNouvelles de l'Amerique, ou le Mercure Ameriquain. Où sont contenuës trois histoires veritables arrivées de nôtre temps.
=264  \1$aRouen :$bF. Vaultier le jeune,$c1678.
=300  \\$a267 pages ;$c(12º)
=336  \\$atext$2rdacontent
=337  \\$acomputer$2rdamedia
=338  \\$aonline$2rdacarrier
=340  \\$m12mo$2rdabf
=720  \\$aAMERICA$emain entry
=859  \\$aXLD$bGOOGLEBOOKS$bFrance in the Americas Project
=856  41$uhttp://books.google.com/books?vid=BL:A0021170854$yGoogle_Books
=883  0\$aLanguage codes assigned by Bayesian analysis of words present in record$d20181024$qUk$c0.997
=852  4\$cDRT$jDigital Store 1080.c.13.$aBritish Library$bHMNTS
=985  \\$aCorrected by BSS-generated file for WR# 11/211
=985  \\$aCorrected by MS generated file for WR# 1805-0738
=CAT  \\$aBATCH-DCW$b00$c20160513$lBLL01$h0202
=CAT  \\$aWR14_057$b00$c20170504$lBLL01$h1841
=CAT  \\$aR1710-0956$b00$c20171102$lBLL01$h1859
=CAT  \\$a1805-0738$c20190104$lBLL01$h1829
=CAT  \\$a1805-0738$b00$c20190104$lBLL01$h1908
=CAT  \\$aW1903-1550$b00$c20190614$lBLL01$h1904
=CAT  \\$aW2007-1719$c20200806$lBLL01$h1507
=FIN  \\$aY$d20160513
=LKR  \\$aPAR$lBLL01$r776$b000069045$mNouvelles de l'Amerique, ou le Mercure Ameriquain. Où sont contenuës trois histoires veritables arrivées de nôtre temps.$nNouvelles de l'Amerique, ou le Mercure Ameriquain. Où sont contenuës trois histoires veritables arrivées de nôtre temps.
=DGM  \\$a000069045$bCatBridge variable field
=DRT  \\$aGOOGLEBOOKS
=SRC  \\$aGOOGLEBOOKS$bGoogleBooks_20160512
=OHC  \\$a1
=LAS  \\$aW2007-1719$b00$c20200806$lBLL01$h1507

