=LDR  01956 am a22004453  4500
=001  017900758
=003  Uk
=005  20200417190530.0
=007  cr\mn\024mpada
=008  871221|1688|||||||\\\\|s\\\\\|||\||fre\\
=FMT  \\$a  BK
=019  x\$a0344530175
=040  \\$aUk$cUk
=041  1\$afre$heng
=100  1\$aBLOME, Richard.
=245  10$aL'Amérique angloise, ou description des isles et terres du roi d'Angleterre dans l'Amérique. Avec de nouvelles cartes de chaque isle & terres. Traduit de l'anglois.
=264  \1$aAmsterdam :$bA. Wolfgang,$c1688.
=300  \\$a331 pages ;$c(12º)
=336  \\$atext$2rdacontent
=337  \\$acomputer$2rdamedia
=338  \\$aonline$2rdacarrier
=340  \\$m12mo$2rdabf
=859  \\$aXLD$bGOOGLEBOOKS$bFrance in the Americas Project
=856  41$uhttp://books.google.com/books?vid=BL:A0021265347$yGoogle_Books
=852  4\$cDRT$jDigital Store 9555.a.16.$aBritish Library$bHMNTS
=985  \\$aUpgraded by BSS-generated file for WR1910-0531
=CAT  \\$aBATCH-DCW$b00$c20160702$lBLL01$h0201
=CAT  \\$aWR14_057$b00$c20170504$lBLL01$h1843
=CAT  \\$aR1710-0956$b00$c20171102$lBLL01$h1901
=CAT  \\$a1805-0738$c20190104$lBLL01$h1831
=CAT  \\$a1805-0738$b00$c20190104$lBLL01$h1910
=CAT  \\$aW1910-0531$b00$c20200417$lBLL01$h1905
=CAT  \\$aW2007-1719$c20200806$lBLL01$h1507
=FIN  \\$aY$d20160702
=LKR  \\$aPAR$lBLL01$r776$b000378875$mL'Amérique angloise, ou description des isles et terres du roi d'Angleterre dans l'Amérique. Avec de nouvelles cartes de chaque isle & terres. Traduit de l'anglois.$nL'Amérique angloise, ou description des isles et terres du roi d'Angleterre dans l'Amérique. Avec de nouvelles cartes de chaque isle & terres. Traduit de l'anglois.
=DGM  \\$a000378875$bCatBridge variable field
=DRT  \\$aGOOGLEBOOKS
=SRC  \\$aGOOGLEBOOKS$bGoogleBooks_20160701
=OHC  \\$a1
=LAS  \\$aW2007-1719$b00$c20200806$lBLL01$h1507

