=LDR  02324 am a22004813  4500
=001  018028333
=003  Uk
=005  20200928153825.0
=007  cr\mn\024mpada
=008  890601|1760||||enk\\\\|s\\\\\|||\||eng\\
=FMT  \\$a  BK
=019  x\$a2162600234
=040  \\$aUk$cUk
=100  1\$aMayhew, Jonathan.
=245  10$aTwo Discourses [on Ps. cxxvi. 3] delivered ... 25th October, 1759, being the day appointed ... as a day of public thanksgiving for the success of His Majesty's arms, more particularly in the reduction of Quebec, etc.
=264  \1$aLondon,$c1760.
=300  \\$c(8º)
=336  \\$atext$2rdacontent
=337  \\$acomputer$2rdamedia
=338  \\$aonline$2rdacarrier
=340  \\$m8vo$2rdabf
=859  \\$aXLD$bGOOGLEBOOKS$bFrance in the Americas Project
=856  41$uhttp://books.google.com/books?vid=BL:A0021579683$yGoogle_Books
=883  0\$aLanguage codes assigned by Bayesian analysis of words present in record$d20200826$qUk$c0.9919
=852  4\$cDRT$jDigital Store 4474.e.83.$aBritish Library$bHMNTS
=985  \\$aUpgraded by BSS-generated file for WR1910-0531
=985  \\$aUpgraded by BSS-generated file for WR2009-0365
=CAT  \\$aBATCH-DCW$b00$c20160930$lBLL01$h0202
=CAT  \\$aBATCH-UPD$b00$c20160930$lBLL01$h0204
=CAT  \\$aWR14_057$b00$c20170504$lBLL01$h1845
=CAT  \\$aR1710-0956$b00$c20171102$lBLL01$h1903
=CAT  \\$a1805-0738$c20190104$lBLL01$h1834
=CAT  \\$a1805-0738$b00$c20190104$lBLL01$h1913
=CAT  \\$aW1910-0531$b00$c20191108$lBLL01$h1834
=CAT  \\$aW2007-1719$c20200806$lBLL01$h1507
=CAT  \\$aW2009-0365$b00$c20200928$lBLL01$h1538
=FIN  \\$aY$d20160930
=LKR  \\$aPAR$lBLL01$r776$b002437349$mTwo Discourses [on Ps. cxxvi. 3] delivered ... 25th October, 1759, being the day appointed ... as a day of public thanksgiving for the success of His Majesty's arms, more particularly in the reduction of Quebec, etc.$nTwo Discourses [on Ps. cxxvi. 3] delivered ... 25th October, 1759, being the day appointed ... as a day of public thanksgiving for the success of His Majesty's arms, more particularly in the reduction of Quebec, etc.
=DGM  \\$a002437349$bCatBridge variable field
=DRT  \\$aGOOGLEBOOKS
=SRC  \\$aGOOGLEBOOKS$bGoogleBooks_20160929
=OHC  \\$a1
=LAS  \\$aW2009-0365$b00$c20200928$lBLL01$h1538

