=LDR  01863 am a22004453  4500
=001  018030529
=003  Uk
=005  20200417190700.0
=007  cr\mn\024mpada
=008  901005|1759||||enk\\\\|s\\\\\|||\||eng\\
=FMT  \\$a  BK
=019  x\$a3533700305
=040  \\$aUk$cUk
=100  1\$aWINTER, Richard,$cCongregational Minister.
=245  12$aA sermon [on 2 Chron. xx. 27] preached ... Nov. 29, 1759, being ... a general thanksgiving ... for ... the taking of Quebec, etc.
=264  \1$aLondon,$c1759.
=300  \\$c(8º)
=336  \\$atext$2rdacontent
=337  \\$acomputer$2rdamedia
=338  \\$aonline$2rdacarrier
=340  \\$m8vo$2rdabf
=859  \\$aXLD$bGOOGLEBOOKS$bFrance in the Americas Project
=856  41$uhttp://books.google.com/books?vid=BL:A0021614850$yGoogle_Books
=852  4\$cDRT$jDigital Store 4475.c.104.$aBritish Library$bHMNTS
=985  \\$aUpgraded by BSS-generated file for WR1910-0531
=CAT  \\$aBATCH-DCW$b00$c20161001$lBLL01$h0203
=CAT  \\$aWR14_057$b00$c20170504$lBLL01$h1845
=CAT  \\$aR1710-0956$b00$c20171102$lBLL01$h1903
=CAT  \\$a1805-0738$c20190104$lBLL01$h1834
=CAT  \\$a1805-0738$b00$c20190104$lBLL01$h1913
=CAT  \\$aW1910-0531$b00$c20191108$lBLL01$h1834
=CAT  \\$aW1910-0531$b00$c20200417$lBLL01$h1907
=CAT  \\$aW2007-1719$c20200806$lBLL01$h1507
=FIN  \\$aY$d20161001
=LKR  \\$aPAR$lBLL01$r776$b003953901$mA sermon [on 2 Chron. xx. 27] preached ... Nov. 29, 1759, being ... a general thanksgiving ... for ... the taking of Quebec, etc.$nA sermon [on 2 Chron. xx. 27] preached ... Nov. 29, 1759, being ... a general thanksgiving ... for ... the taking of Quebec, etc.
=DGM  \\$a003953901$bCatBridge variable field
=DRT  \\$aGOOGLEBOOKS
=SRC  \\$aGOOGLEBOOKS$bGoogleBooks_20160930
=OHC  \\$a1
=LAS  \\$aW2007-1719$b00$c20200806$lBLL01$h1507

