=LDR  02990 am a2200457   4500
=001  018080960
=003  Uk
=005  20161030060448.0
=007  cr\mn\024mpada
=008  840330s1757\\\\enk||||\s\\\\\00|\||eng\c
=FMT  \\$a  BK
=035  \\$a(CU-RivES)N4083
=035  \\$a(Uk-ES)006033710
=040  \\$aCU-RivES$cCU-RivES$dCStRLIN
=245  04$aThe military history of Great Britain,$bfor 1756, 1757. Containing a letter from an English officer at Canada, taken prisoner at Oswego. Exhibiting the cruelty and infidelity of the French, and their savage Indians, ... Also, a journal of the siege of Oswego, the articles of capitulation. ... Likewise of the loss and retaking of Bengall. A journal of the siege of St. Philip's in Minorca. ...
=264  \1$aLondon :$bprinted for J. Millan,$c1757.
=300  \\$a125, [1] pages, plate :$bmap ;$c8º
=336  \\$atext$2rdacontent
=337  \\$acomputer$2rdamedia
=338  \\$aonline$2rdacarrier
=340  \\$m8vo$2rdabf
=648  \7$a1701-1800$2local
=752  \\$aGreat Britain$bEngland$dLondon.
=859  \\$aXLD$bGOOGLEBOOKS$bFrance in the Americas Project
=856  41$uhttp://books.google.com/books?vid=BL:A0021780956$yGoogle_Books
=852  4\$cDRT$jDigital Store RB.23.a.18806$aBritish Library$bHMNTS
=985  \\$aFrom {856}:-http://www.galegroup.com$mGale technical support (800) 877-4253$uhttp://galenet.galegroup.com/servlet/ECCO?c=1&stp=Author&ste=11&af=BN&ae=N004083&tiPG=1&dd=0&dc=flc&docNum=CW100148778&vrsn=1.0&srchtp=a&d4=0.33&n=10&SU=0LRH$yEighteenth Century Collections Online. Gale Group
=985  \\$aCorrected by MS generated file for WR# 1805-0738
=CAT  \\$aBATCH-DCW$b00$c20161030$lBLL01$h0604
=CAT  \\$aWR14_057$b00$c20170504$lBLL01$h1848
=CAT  \\$aR1710-0956$b00$c20171108$lBLL01$h1741
=CAT  \\$a1805-0738$c20190104$lBLL01$h1837
=CAT  \\$a1805-0738$b00$c20190104$lBLL01$h1916
=CAT  \\$aW2007-1719$c20200806$lBLL01$h1507
=FIN  \\$aY$d20161030
=LKR  \\$aPAR$lBLL01$r776$b015312782$mThe military history of Great Britain, for 1756, 1757. Containing a letter from an English officer at Canada, taken prisoner at Oswego. Exhibiting the cruelty and infidelity of the French, and their savage Indians, ... Also, a journal of the siege of Oswego, the articles of capitulation. ... Likewise of the loss and retaking of Bengall. A journal of the siege of St. Philip's in Minorca. ...$nThe military history of Great Britain, for 1756, 1757. Containing a letter from an English officer at Canada, taken prisoner at Oswego. Exhibiting the cruelty and infidelity of the French, and their savage Indians, ... Also, a journal of the siege of Oswego, the articles of capitulation. ... Likewise of the loss and retaking of Bengall. A journal of the siege of St. Philip's in Minorca. ...
=DGM  \\$a015312782$bCatBridge variable field
=DRT  \\$aGOOGLEBOOKS
=SRC  \\$aGOOGLEBOOKS$bGoogleBooks_20161029
=OHC  \\$a1
=LAS  \\$aW2007-1719$b00$c20200806$lBLL01$h1507

