=LDR  02663 am a2200541   4500
=001  018080991
=003  Uk
=005  20161030060449.0
=007  cr\mn\024mpada
=008  930604s1758\\\\enk||||\s\\\\|00|\||fre\c
=FMT  \\$a  BK
=035  \\$a(CU-RivES)N54673
=035  \\$a(Uk-ES)006048796
=040  \\$aCU-RivES$cCU-RivES$dCStRLIN
=100  1\$aFauques, Marianne-Agnès Pillement,$cdame de,$dapproximately 1720-approximately 1777.
=245  13$aLa derniére guerre des bêtes,$bfable pour servir à l'histoire du XVIII. siécle, par l'auteur d'Abassaï. ...
=264  \1$aLondres [i.e.Geneva?] :$bChez C. G. Seyffert,$c1758.
=300  \\$a76, 72 pages ;$c12º
=336  \\$atext$2rdacontent
=337  \\$acomputer$2rdamedia
=338  \\$aonline$2rdacarrier
=340  \\$m12mo$2rdabf
=500  \\$aAn allegory on the dispute between Great Britain and France over Nova Scotia.
=500  \\$aInn two parts, each separately paginated with individual titlepages.
=500  \\$aL'auteur d'Abassai = Marianne-Agnès Pillement, dame de Fauques.
=500  \\$aThe final leaf of part 1 is the "Clef".
=648  \7$a1701-1800$2local
=752  \\$aGreat Britain$bEngland$dLondon.
=752  \\$aSwitzerland$dGeneva City.
=859  \\$aXLD$bGOOGLEBOOKS$bFrance in the Americas Project
=856  41$uhttp://books.google.com/books?vid=BL:A0021791054$yGoogle_Books
=852  4\$cDRT$jDigital Store RB.23.a.19156$aBritish Library$bHMNTS
=985  \\$aFrom {856}:-http://www.gale.com$mGale technical support (800)877-4253$uhttp://galenet.galegroup.com/servlet/ECCO?c=1&stp=Author&ste=11&af=BN&ae=N054673&tiPG=1&dd=0&dc=flc&docNum=CW107735242&vrsn=1.0&srchtp=a&d4=0.33&n=10&SU=0LRL+OR+0LRI$yEighteenth Century Collections Online. Gale
=985  \\$aRecord amended for WR# 13/070
=985  \\$aCorrected by MS generated file for WR# 1805-0738
=CAT  \\$aBATCH-DCW$b00$c20161030$lBLL01$h0604
=CAT  \\$aWR14_057$b00$c20170504$lBLL01$h1848
=CAT  \\$aR1710-0956$b00$c20171108$lBLL01$h1741
=CAT  \\$a1805-0738$c20190104$lBLL01$h1837
=CAT  \\$a1805-0738$b00$c20190104$lBLL01$h1916
=CAT  \\$aW2007-1719$c20200806$lBLL01$h1507
=FIN  \\$aY$d20161030
=LKR  \\$aPAR$lBLL01$r776$b015313368$mLa derniére guerre des bêtes, fable pour servir à l'histoire du XVIII. siécle, par l'auteur d'Abassaï. ...$nLa derniére guerre des bêtes, fable pour servir à l'histoire du XVIII. siécle, par l'auteur d'Abassaï. ...
=DGM  \\$a015313368$bCatBridge variable field
=DRT  \\$aGOOGLEBOOKS
=SRC  \\$aGOOGLEBOOKS$bGoogleBooks_20161029
=OHC  \\$a1
=LAS  \\$aW2007-1719$b00$c20200806$lBLL01$h1507

