=LDR  01830 am a22004693  4500
=001  018098991
=003  Uk
=005  20190614190906.0
=007  cr\mn\024mpada
=008  970326|1764|||||||\\\\|s\\\\||||\||fre\\
=FMT  \\$a  BK
=019  x\$a102454026X
=040  \\$aUk$cUk
=245  10$aL'espion des sauvages en Angleterre.
=264  \1$aLondres [Paris?] :$baux dépans de la Compagnie,$c1764.
=300  \\$a69 pages ;$c(8º)
=336  \\$atext$2rdacontent
=337  \\$acomputer$2rdamedia
=338  \\$aonline$2rdacarrier
=340  \\$m8vo$2rdabf
=710  1\$aEngland.$tAppendix. Miscellaneous
=720  \\$aESPION$emain entry
=856  41$uhttp://books.google.com/books?vid=BL:A0017882120$yGoogle_Books
=859  \\$aXLD$bGOOGLEBOOKS$bFrance in the Americas Project
=886  2\$2blmarc$a709$b00$aENGLAND$tAppendix$tMiscellaneous$p8050.bb.46.(4.)$x1004760108
=883  0\$aLanguage codes assigned by Bayesian analysis of words present in record$d20181024$qUk$c0.997
=852  4\$cDRT$jDigital Store 8050.bb.46.(4.)$aBritish Library$bHMNTS
=985  \\$aCorrected by MS generated file for WR# 11/211
=985  \\$aCorrected by MS generated file for WR# 1805-0738
=CAT  \\$aBATCH-DCW$b00$c20161111$lBLL01$h0201
=CAT  \\$aR1710-0956$b00$c20171108$lBLL01$h1742
=CAT  \\$a1805-0738$c20190111$lBLL01$h1750
=CAT  \\$a1805-0738$b00$c20190111$lBLL01$h1817
=CAT  \\$aW1903-1550$b00$c20190614$lBLL01$h1909
=CAT  \\$aW2007-1719$c20200806$lBLL01$h1507
=FIN  \\$aY$d20161111
=LKR  \\$aPAR$lBLL01$r776$b001164750$mL'espion des sauvages en Angleterre.$nL'espion des sauvages en Angleterre.
=DGM  \\$a001164750$bCatBridge variable field
=DRT  \\$aGOOGLEBOOKS
=SRC  \\$aGOOGLEBOOKS$bGoogleBooks_20161110
=OHC  \\$a1
=LAS  \\$aW2007-1719$b00$c20200806$lBLL01$h1507

