=LDR  01764 am a2200397ua 4500
=001  018099307
=003  Uk
=005  20161111020145.0
=007  cr\mn\024mpada
=008  030521s1866\\\\xxu\\\\|s\\\\||||\||fre\\
=FMT  \\$a  BK
=019  1\$ar6239105
=040  \\$aUk$cUk
=245  00$aRecueil de pieces sur la négociation entre la nouvelle France et la Nouvelle Angleterre, ès années 1648 et suivantes /$c[pièces réunies par Jean Marie Shea].
=260  \\$aNouvelle York :$bde la presse Cramoisy de Jean-Marie Shea,$c1866.
=300  \\$a62p. ;$c21cm.
=336  \\$atext$2rdacontent
=337  \\$acomputer$2rdamedia
=338  \\$aonline$2rdacarrier
=700  1\$aShea, John Gilmary,$d1824-1892.
=859  \\$aXLD$bGOOGLEBOOKS$bFrance in the Americas Project
=886  2\$2ukmarc$a900$b10$aShea$hJean-Marie$c1824-1892$xSee$aShea, John Gilmary,$x1824-1892$z700
=856  41$uhttp://books.google.com/books?vid=BL:A0021930876$yGoogle_Books
=852  4\$cDRT$jDigital Store RB.23.a.23828$aBritish Library$bHMNTS
=957  \\$a0210p
=CAT  \\$aBATCH-DCW$b00$c20161111$lBLL01$h0201
=CAT  \\$aWR14_057$b00$c20170504$lBLL01$h1848
=CAT  \\$aR1710-0956$b00$c20171108$lBLL01$h1742
=CAT  \\$aW2007-1719$c20200806$lBLL01$h1507
=FIN  \\$aY$d20161111
=LKR  \\$aPAR$lBLL01$r776$b009992905$mRecueil de pieces sur la négociation entre la nouvelle France et la Nouvelle Angleterre, ès années 1648 et suivantes /$nRecueil de pieces sur la négociation entre la nouvelle France et la Nouvelle Angleterre, ès années 1648 et suivantes /
=DGM  \\$a009992905$bCatBridge variable field
=DRT  \\$aGOOGLEBOOKS
=SRC  \\$aGOOGLEBOOKS$bGoogleBooks_20161110
=OHC  \\$a1
=LAS  \\$aW2007-1719$b00$c20200806$lBLL01$h1507

