=LDR  01713 am a2200385ua 4500
=001  018102765
=003  Uk
=005  20161114020141.0
=007  cr\mn\024mpada
=008  040224s1860\\\\xxc\\\\|s\\\\||||\||fre\\
=FMT  \\$a  BK
=019  1\$ar6239124
=040  \\$aUk$cUk
=100  1\$aDablon, Claude,$d1619-1697.
=245  10$aRelation de ce qui s'est passē de plus remarquable aux missions des pères de la compagnie de Jesus en la Nouvelle France les années 1673 à 1679 /$cpar le r.p. Claude Dablon ..
=260  \\$aQuébec :$bà la presse Cramoisy,$c1860.
=300  \\$axiii,290p. ;$c25cm.
=336  \\$atext$2rdacontent
=337  \\$acomputer$2rdamedia
=338  \\$aonline$2rdacarrier
=859  \\$aXLD$bGOOGLEBOOKS$bFrance in the Americas Project
=856  41$uhttp://books.google.com/books?vid=BL:A0021856213$yGoogle_Books
=852  4\$cDRT$jDigital Store RB.23.b.4798$aBritish Library$bHMNTS
=957  \\$a0305p
=CAT  \\$aBATCH-DCW$b00$c20161114$lBLL01$h0201
=CAT  \\$aWR14_057$b00$c20170504$lBLL01$h1849
=CAT  \\$aR1710-0956$b00$c20171108$lBLL01$h1743
=CAT  \\$aW2007-1719$c20200806$lBLL01$h1507
=FIN  \\$aY$d20161114
=LKR  \\$aPAR$lBLL01$r776$b009992922$mRelation de ce qui s'est passē de plus remarquable aux missions des pères de la compagnie de Jesus en la Nouvelle France les années 1673 à 1679 /$nRelation de ce qui s'est passē de plus remarquable aux missions des pères de la compagnie de Jesus en la Nouvelle France les années 1673 à 1679 /
=DGM  \\$a009992922$bCatBridge variable field
=DRT  \\$aGOOGLEBOOKS
=SRC  \\$aGOOGLEBOOKS$bGoogleBooks_20161113
=OHC  \\$a1
=LAS  \\$aW2007-1719$b00$c20200806$lBLL01$h1507

