=LDR  02882 am a22004693  4500
=001  018108419
=003  Uk
=005  20200417190835.0
=007  cr\mn\024mpada
=008  891128|1745|||||||\\\\|s\\\\\|||\||eng\\
=FMT  \\$a  BK
=019  x\$a2654610020
=040  \\$aUk$cUk
=100  1\$aPRINCE, Thomas,$cof Boston, N.E.
=245  10$aExtraordinary Events the Doings of God and marvellous in pious eyes. Illustrated in a sermon [on Ps. cxvii. 23] on the general thanksgiving, occasion'd by taking the City of Louisbourg, on the Isle of Cape Breton, etc.
=264  \1$aBoston,$c1745.
=300  \\$c(8º)
=336  \\$atext$2rdacontent
=337  \\$acomputer$2rdamedia
=338  \\$aonline$2rdacarrier
=340  \\$m8vo$2rdabf
=775  0\$t[Extraordinary Events the Doings of God and marvellous in pious eyes. Illustrated in a sermon [on Ps. cxvii. 23] on the general thanksgiving, occasion'd by taking the City of Louisbourg, on the Isle of Cape Breton, etc.]$w(Uk)MP1.0003184603.1$dEdinburgh, 1746. 8º.
=859  \\$aXLD$bGOOGLEBOOKS$bFrance in the Americas Project
=856  41$uhttp://books.google.com/books?vid=BL:A0021926011$yGoogle_Books
=852  4\$cDRT$jDigital Store 4485.c.75.(8.)$aBritish Library$bHMNTS
=985  \\$aUpgraded by BSS-generated file for WR1910-0531
=CAT  \\$aBATCH-DCW$b00$c20161119$lBLL01$h0203
=CAT  \\$aBATCH-UPD$b00$c20161119$lBLL01$h0206
=CAT  \\$aWR14_057$b00$c20170504$lBLL01$h1849
=CAT  \\$aR1710-0956$b00$c20171108$lBLL01$h1743
=CAT  \\$a1805-0738$c20190111$lBLL01$h1751
=CAT  \\$a1805-0738$b00$c20190111$lBLL01$h1817
=CAT  \\$aW1910-0531$b00$c20200417$lBLL01$h1908
=CAT  \\$aW2007-1719$c20200806$lBLL01$h1507
=FIN  \\$aY$d20161119
=LKR  \\$aPAR$b002991352$r775$mExtraordinary Events the Doings of God and marvellous in pious eyes. Illustrated in a sermon [on Ps. cxvii. 23] on the general thanksgiving, occasion'd by taking the City of Louisbourg, on the Isle of Cape Breton, etc.$n[Extraordinary Events the Doings of God and marvellous in pious eyes. Illustrated in a sermon [on Ps. cxvii. 23] on the general thanksgiving, occasion'd by taking the City of Louisbourg, on the Isle of Cape Breton, etc.]
=LKR  \\$aPAR$lBLL01$r776$b002991351$mExtraordinary Events the Doings of God and marvellous in pious eyes. Illustrated in a sermon [on Ps. cxvii. 23] on the general thanksgiving, occasion'd by taking the City of Louisbourg, on the Isle of Cape Breton, etc.$nExtraordinary Events the Doings of God and marvellous in pious eyes. Illustrated in a sermon [on Ps. cxvii. 23] on the general thanksgiving, occasion'd by taking the City of Louisbourg, on the Isle of Cape Breton, etc.
=DGM  \\$a002991351$bCatBridge variable field
=DRT  \\$aGOOGLEBOOKS
=SRC  \\$aGOOGLEBOOKS$bGoogleBooks_20161118
=OHC  \\$a1
=LAS  \\$aW2007-1719$b00$c20200806$lBLL01$h1507

