=LDR  02342 am a22004573  4500
=001  018137183
=003  Uk
=005  20200417190858.0
=007  cr\mn\024mpada
=008  880301|1745|||||||\\\\|s\\\\\|||\||eng\\
=FMT  \\$a  BK
=019  x\$a0600230198
=040  \\$aUk$cUk
=100  1\$aChauncy, Charles,$d1705-1787.
=245  10$aMarvellous Things done by the right Hand and holy Arm of God in getting him the Victory. A sermon preached the 18th of July, 1745. Being a day set apart for solemn thanksgiving to Almighty God for the reduction of Cape-Breton by his Majesty's New-England forces, etc.
=264  \1$aBoston :$bT. Fleet,$c1745.
=300  \\$a23 pages ;$c(8º)
=336  \\$atext$2rdacontent
=337  \\$acomputer$2rdamedia
=338  \\$aonline$2rdacarrier
=340  \\$m8vo$2rdabf
=859  \\$aXLD$bGOOGLEBOOKS$bFrance in the Americas Project
=856  41$uhttp://books.google.com/books?vid=BL:A0021960975$yGoogle_Books
=852  4\$cDRT$jDigital Store 4486.c.28.(1.)$aBritish Library$bHMNTS
=985  \\$aUpgraded by BSS-generated file for WR1910-0531
=CAT  \\$aBATCH-DCW$b00$c20161210$lBLL01$h0200
=CAT  \\$aBATCH-UPD$b00$c20161210$lBLL01$h0200
=CAT  \\$aWR14_057$b00$c20170504$lBLL01$h1850
=CAT  \\$aR1710-0956$b00$c20171108$lBLL01$h1743
=CAT  \\$a1805-0738$c20190111$lBLL01$h1752
=CAT  \\$a1805-0738$b00$c20190111$lBLL01$h1818
=CAT  \\$aW1910-0531$b00$c20200417$lBLL01$h1908
=CAT  \\$aW2007-1719$c20200806$lBLL01$h1507
=CAT  \\$aBATCH-UPD$b00$c20210225$lBLL01$h2043
=FIN  \\$aY$d20161210
=LKR  \\$aPAR$lBLL01$r776$b000673360$mMarvellous Things done by the right Hand and holy Arm of God in getting him the Victory. A sermon preached the 18th of July, 1745. Being a day set apart for solemn thanksgiving to Almighty God for the reduction of Cape-Breton by his Majesty's New-England forces, etc.$nMarvellous Things done by the right Hand and holy Arm of God in getting him the Victory. A sermon preached the 18th of July, 1745. Being a day set apart for solemn thanksgiving to Almighty God for the reduction of Cape-Breton by his Majesty's New-England forces, etc.
=DGM  \\$a000673360$bCatBridge variable field
=DRT  \\$aGOOGLEBOOKS
=SRC  \\$aGOOGLEBOOKS$bGoogleBooks_20161209
=OHC  \\$a1
=LAS  \\$aBATCH-UPD$b00$c20210225$lBLL01$h2043

