=LDR  01898 am a22004813  4500
=001  018143257
=003  Uk
=005  20190614190923.0
=007  cr\mn\024mpada
=008  900724|1839|||||||\\\\|s\\\\\|||\||fre\\
=FMT  \\$a  BK
=019  x\$a336124028X
=040  \\$aUk$cUk
=100  1\$aVALENTIN, Robert François.
=245  10$aVoyages et aventures de Lapérouse.
=264  \1$aTours,$c1839.
=300  \\$axii. 276 pages ;$c(8º)
=336  \\$atext$2rdacontent
=337  \\$acomputer$2rdamedia
=338  \\$aonline$2rdacarrier
=340  \\$m8vo$2rdabf
=500  \\$aWith an additional titlepage, engraved.
=700  1\$aLa Pérouse, Jean-François de Galaup,$ccomte de,$d1741-1788.
=859  \\$aXLD$bGOOGLEBOOKS$bFrance in the Americas Project
=886  2\$2blmarc$a709$b00$aGALAUP$hJean François$fCount de Lapérouse$p010026.e.23.$x1184010412$x1184010412
=856  41$uhttp://books.google.com/books?vid=BL:A0021961532$yGoogle_Books
=883  0\$aLanguage codes assigned by Bayesian analysis of words present in record$d20181024$qUk$c0.997
=852  4\$cDRT$jDigital Store 010026.e.23.$aBritish Library$bHMNTS
=985  \\$aCorrected by MS generated file for WR# 1805-0738
=CAT  \\$aBATCH-DCW$b00$c20161214$lBLL01$h0202
=CAT  \\$aWR14_057$b00$c20170504$lBLL01$h1850
=CAT  \\$aR1710-0956$b00$c20171108$lBLL01$h1743
=CAT  \\$a1805-0738$c20190111$lBLL01$h1752
=CAT  \\$a1805-0738$b00$c20190111$lBLL01$h1818
=CAT  \\$aW1903-1550$b00$c20190614$lBLL01$h1909
=CAT  \\$aW2007-1719$c20200806$lBLL01$h1507
=FIN  \\$aY$d20161214
=LKR  \\$aPAR$lBLL01$r776$b003748114$mVoyages et aventures de Lapérouse.$nVoyages et aventures de Lapérouse.
=DGM  \\$a003748114$bCatBridge variable field
=DRT  \\$aGOOGLEBOOKS
=SRC  \\$aGOOGLEBOOKS$bGoogleBooks_20161213
=OHC  \\$a1
=LAS  \\$aW2007-1719$b00$c20200806$lBLL01$h1507

