=LDR  02583 am a22004813  4500
=001  018145065
=003  Uk
=005  20200417190906.0
=007  cr\mn\024mpada
=008  880111|1769|||||||\\\\|s\\\\\|||\||fre\\
=FMT  \\$a  BK
=019  x\$a0392060256
=040  \\$aUk$cUk
=041  1\$afre$heng
=100  1\$aBOUQUET, Henry.
=245  10$aRelation historique de l'expédition contre les Indiens de l'Ohio en MDCCLXIV. commandée par le chevalier H. Bouquet ... On y a joint des mémoires militaires contenant des réflexions sur la guerre avec les sauvages ... Le tout enrichi de cartes & tailles-douces. Traduit de l'anglois, par C. G. F. Dumas.
=264  \1$aAmsterdam,$c1769.
=300  \\$axvi, 147 pages ;$c(8º)
=336  \\$atext$2rdacontent
=337  \\$acomputer$2rdamedia
=338  \\$aonline$2rdacarrier
=340  \\$m8vo$2rdabf
=700  1\$aDumas, Charles Guillaume Frédéric,$d1721-1796.
=859  \\$aXLD$bGOOGLEBOOKS$bFrance in the Americas Project
=886  2\$2blmarc$a709$b00$aDUMAS$hCharles Guillaume Frédéric$p9602.b.21.$x0885170296
=856  41$uhttp://books.google.com/books?vid=BL:A0022058654$yGoogle_Books
=852  4\$cDRT$jDigital Store 9602.b.21.$aBritish Library$bHMNTS
=985  \\$aUpgraded by BSS-generated file for WR1910-0531
=CAT  \\$aBATCH-DCW$b00$c20161216$lBLL01$h0201
=CAT  \\$aWR14_057$b00$c20170504$lBLL01$h1850
=CAT  \\$a5194$b40$c20170926$lBLL01$h0927
=CAT  \\$aR1710-0956$b00$c20171108$lBLL01$h1744
=CAT  \\$a1805-0738$c20190111$lBLL01$h1752
=CAT  \\$a1805-0738$b00$c20190111$lBLL01$h1818
=CAT  \\$aW1910-0531$b00$c20200417$lBLL01$h1909
=CAT  \\$aW2007-1719$c20200806$lBLL01$h1507
=FIN  \\$aY$d20161216
=LKR  \\$aPAR$lBLL01$r776$b000432041$mRelation historique de l'expédition contre les Indiens de l'Ohio en MDCCLXIV. commandée par le chevalier H. Bouquet ... On y a joint des mémoires militaires contenant des réflexions sur la guerre avec les sauvages ... Le tout enrichi de cartes & tailles-douces. Traduit de l'anglois, par C. G. F. Dumas.$nRelation historique de l'expédition contre les Indiens de l'Ohio en MDCCLXIV. commandée par le chevalier H. Bouquet ... On y a joint des mémoires militaires contenant des réflexions sur la guerre avec les sauvages ... Le tout enrichi de cartes & tailles-douces. Traduit de l'anglois, par C. G. F. Dumas.
=DGM  \\$a000432041$bCatBridge variable field
=DRT  \\$aGOOGLEBOOKS
=SRC  \\$aGOOGLEBOOKS$bGoogleBooks_20161215
=OHC  \\$a1
=LAS  \\$aW2007-1719$b00$c20200806$lBLL01$h1507

