=LDR  03138 am a22005173  4500
=001  018145506
=003  Uk
=005  20200928153936.0
=007  cr\mn\024mpada
=008  891101|1758|||||||\\\\|s\\\\\|||\||eng\\
=FMT  \\$a  BK
=019  x\$a251241020X
=040  \\$aUk$cUk
=100  1\$aPEPPERELL, William,$cSir,$cBart.
=245  14$a[An Accurate Journal and Account of the Proceedings of the New England Land Forces during the late Expedition against the French Settlements on Cape Breton, to the time of the surrender of Louisbourg: ... with a computation of the French Fishery on the Banks of Newfoundland, etc.]
=250  \\$a[Another edition.] An Accurate and Authentic Account of the taking of Cape-Breton, in the year MDCCXLV.: together with a computation of the French fishery in that part of the world, etc.
=264  \1$aLondon :$bJ. Staples,$c1758.
=300  \\$a41 pages ;$c(8º)
=336  \\$atext$2rdacontent
=337  \\$acomputer$2rdamedia
=338  \\$aonline$2rdacarrier
=340  \\$m8vo$2rdabf
=787  0\$tAn Accurate Journal and Account of the Proceedings of the New England Land Forces during the late Expedition against the French Settlements on Cape Breton, to the time of the surrender of Louisbourg: ... with a computation of the French Fishery on the Banks of Newfoundland, etc.$w(Uk)MP1.0003004370$dExon, 1746. 8º.
=859  \\$aXLD$bGOOGLEBOOKS$bFrance in the Americas Project
=856  41$uhttp://books.google.com/books?vid=BL:A0022058659$yGoogle_Books
=883  0\$aLanguage codes assigned by Bayesian analysis of words present in record$d20200826$qUk$c0.9919
=852  4\$cDRT$jDigital Store 9602.bb.3.$aBritish Library$bHMNTS
=985  \\$aCorrected by BSS-generated file
=985  \\$aCorrected by MS generated file for WR# 1805-0738
=985  \\$aDisaggregated record: Type B
=985  \\$aUpgraded by BSS-generated file for WR2009-0365
=CAT  \\$aBATCH-DCW$b00$c20161216$lBLL01$h0201
=CAT  \\$aBATCH-UPD$b00$c20161216$lBLL01$h0203
=CAT  \\$aWR14_057$b00$c20170504$lBLL01$h1850
=CAT  \\$aR1710-0956$b00$c20171108$lBLL01$h1744
=CAT  \\$a1805-0738$c20190111$lBLL01$h1752
=CAT  \\$a1805-0738$b00$c20190111$lBLL01$h1818
=CAT  \\$aW2007-1719$c20200806$lBLL01$h1507
=CAT  \\$aW2009-0365$b00$c20200928$lBLL01$h1539
=FIN  \\$aY$d20161216
=LKR  \\$aPAR$lBLL01$r776$b002818501$m[An Accurate Journal and Account of the Proceedings of the New England Land Forces during the late Expedition against the French Settlements on Cape Breton, to the time of the surrender of Louisbourg: ... with a computation of the French Fishery on the Banks of Newfoundland, etc.]$n[An Accurate Journal and Account of the Proceedings of the New England Land Forces during the late Expedition against the French Settlements on Cape Breton, to the time of the surrender of Louisbourg: ... with a computation of the French Fishery on the Banks of Newfoundland, etc.]
=DGM  \\$a002818501$bCatBridge variable field
=DRT  \\$aGOOGLEBOOKS
=SRC  \\$aGOOGLEBOOKS$bGoogleBooks_20161215
=OHC  \\$a1
=LAS  \\$aW2009-0365$b00$c20200928$lBLL01$h1539

