=LDR  02100 am a22004453  4500
=001  018157290
=003  Uk
=005  20200417190934.0
=007  cr\mn\024mpada
=008  900625|1760||||xxu\\\\|s\\\\\|||\||eng\\
=FMT  \\$a  BK
=019  x\$a328270027X
=040  \\$aUk$cUk
=100  1\$aTOWNSEND, Jonathan.
=245  10$aSorrow turned into Joy. A sermon deliver'd at Medfield, October 25, 1759, being a day of public acknowledgement of the smiles of heaven upon the British Arms in America: more especially in the reduction of Quebec.
=264  \1$aBoston [Mass.],$c1760.
=300  \\$c(8º)
=336  \\$atext$2rdacontent
=337  \\$acomputer$2rdamedia
=338  \\$aonline$2rdacarrier
=340  \\$m8vo$2rdabf
=859  \\$aXLD$bGOOGLEBOOKS$bFrance in the Americas Project
=856  41$uhttp://books.google.com/books?vid=BL:A0021954914$yGoogle_Books
=852  4\$cDRT$jDigital Store 4486.bb.48.$aBritish Library$bHMNTS
=985  \\$aUpgraded by BSS-generated file for WR1910-0531
=CAT  \\$aBATCH-DCW$b00$c20161223$lBLL01$h0203
=CAT  \\$aWR14_057$b00$c20170504$lBLL01$h1851
=CAT  \\$aR1710-0956$b00$c20171108$lBLL01$h1744
=CAT  \\$a1805-0738$c20190111$lBLL01$h1753
=CAT  \\$a1805-0738$b00$c20190111$lBLL01$h1819
=CAT  \\$aW1910-0531$b00$c20191025$lBLL01$h1757
=CAT  \\$aW1910-0531$b00$c20200417$lBLL01$h1909
=CAT  \\$aW2007-1719$c20200806$lBLL01$h1507
=FIN  \\$aY$d20161223
=LKR  \\$aPAR$lBLL01$r776$b003662702$mSorrow turned into Joy. A sermon deliver'd at Medfield, October 25, 1759, being a day of public acknowledgement of the smiles of heaven upon the British Arms in America: more especially in the reduction of Quebec.$nSorrow turned into Joy. A sermon deliver'd at Medfield, October 25, 1759, being a day of public acknowledgement of the smiles of heaven upon the British Arms in America: more especially in the reduction of Quebec.
=DGM  \\$a003662702$bCatBridge variable field
=DRT  \\$aGOOGLEBOOKS
=SRC  \\$aGOOGLEBOOKS$bGoogleBooks_20161222
=OHC  \\$a1
=LAS  \\$aW2007-1719$b00$c20200806$lBLL01$h1507

