=LDR  02292 am a22004333  4500
=001  018166978
=003  Uk
=005  20200417190940.0
=007  cr\mn\024mpada
=008  870814|1759|||||||\\\\|s\\\\\|||\||eng\\
=FMT  \\$a  BK
=019  x\$a0021530165
=040  \\$aUk$cUk
=100  1\$aAdams, Amos.
=245  10$aSongs of Victory directed by Human Compassion, and qualified with Christian Benevolence; in a sermon delivered at Roxbury, October 25, 1759, on the general thanksgiving for the success of His Majesty's arms, "more particuarlly [sic], in the reduction of Quebec, the capital of Canada.".
=264  \1$aBoston :$bEdes & Gill,$c1759.
=300  \\$a29 pages ;$c(8º)
=336  \\$atext$2rdacontent
=337  \\$acomputer$2rdamedia
=338  \\$aonline$2rdacarrier
=340  \\$m8vo$2rdabf
=859  \\$aXLD$bGOOGLEBOOKS$bFrance in the Americas Project
=856  41$uhttp://books.google.com/books?vid=BL:A0021954859$yGoogle_Books
=852  4\$cDRT$jDigital Store 4486.b.61.(3.)$aBritish Library$bHMNTS
=985  \\$aUpgraded by BSS-generated file for WR1910-0531
=CAT  \\$aBATCH-DCW$b00$c20170109$lBLL01$h0201
=CAT  \\$aWR14_057$b00$c20170504$lBLL01$h1851
=CAT  \\$aR1710-0956$b00$c20171108$lBLL01$h1744
=CAT  \\$a1805-0738$c20190111$lBLL01$h1753
=CAT  \\$a1805-0738$b00$c20190111$lBLL01$h1819
=CAT  \\$aW1910-0531$b00$c20200417$lBLL01$h1909
=CAT  \\$aW2007-1719$c20200806$lBLL01$h1507
=FIN  \\$aY$d20170109
=LKR  \\$aPAR$lBLL01$r776$b000014537$mSongs of Victory directed by Human Compassion, and qualified with Christian Benevolence; in a sermon delivered at Roxbury, October 25, 1759, on the general thanksgiving for the success of His Majesty's arms, "more particuarlly [sic], in the reduction of Quebec, the capital of Canada.".$nSongs of Victory directed by Human Compassion, and qualified with Christian Benevolence; in a sermon delivered at Roxbury, October 25, 1759, on the general thanksgiving for the success of His Majesty's arms, "more particuarlly [sic], in the reduction of Quebec, the capital of Canada.".
=DGM  \\$a000014537$bCatBridge variable field
=DRT  \\$aGOOGLEBOOKS
=SRC  \\$aGOOGLEBOOKS$bGoogleBooks_20170108
=OHC  \\$a1
=LAS  \\$aW2007-1719$b00$c20200806$lBLL01$h1507

