=LDR  01903 am a22004333  4500
=001  018167133
=003  Uk
=005  20200417190941.0
=007  cr\mn\024mpada
=008  880314|1759|||||||\\\\|s\\\\\|||\||eng\\
=FMT  \\$a  BK
=019  x\$a0692080104
=040  \\$aUk$cUk
=100  1\$aCOOPER, Samuel,$cPastor of the Church in Brattle Street, Boston.
=245  12$aA Sermon preached before His Excellency Thomas Pownell ... upon occasion of the Success of His Majesty's Arms in the Reduction of Quebec.
=264  \1$aBoston :$bGreen & Russell; Edes & Gill,$c[1759]
=300  \\$a53 pages ;$c(8º)
=336  \\$atext$2rdacontent
=337  \\$acomputer$2rdamedia
=338  \\$aonline$2rdacarrier
=340  \\$m8vo$2rdabf
=859  \\$aXLD$bGOOGLEBOOKS$bFrance in the Americas Project
=856  41$uhttp://books.google.com/books?vid=BL:A0021954846$yGoogle_Books
=852  4\$cDRT$jDigital Store 4486.b.60.(5.)$aBritish Library$bHMNTS
=985  \\$aUpgraded by BSS-generated file for WR1910-0531
=CAT  \\$aBATCH-DCW$b00$c20170109$lBLL01$h0201
=CAT  \\$aWR14_057$b00$c20170504$lBLL01$h1851
=CAT  \\$aR1710-0956$b00$c20171108$lBLL01$h1744
=CAT  \\$a1805-0738$c20190111$lBLL01$h1754
=CAT  \\$a1805-0738$b00$c20190111$lBLL01$h1819
=CAT  \\$aW1910-0531$b00$c20200417$lBLL01$h1909
=CAT  \\$aW2007-1719$c20200806$lBLL01$h1507
=FIN  \\$aY$d20170109
=LKR  \\$aPAR$lBLL01$r776$b000778419$mA Sermon preached before His Excellency Thomas Pownell ... upon occasion of the Success of His Majesty's Arms in the Reduction of Quebec.$nA Sermon preached before His Excellency Thomas Pownell ... upon occasion of the Success of His Majesty's Arms in the Reduction of Quebec.
=DGM  \\$a000778419$bCatBridge variable field
=DRT  \\$aGOOGLEBOOKS
=SRC  \\$aGOOGLEBOOKS$bGoogleBooks_20170108
=OHC  \\$a1
=LAS  \\$aW2007-1719$b00$c20200806$lBLL01$h1507

