=LDR  02069 am a22004693  4500
=001  018174084
=003  Uk
=005  20200928153956.0
=007  cr\mn\024mpada
=008  890310|1760|||||||\\\\|s\\\\\|||\||eng\\
=FMT  \\$a  BK
=019  x\$a1834510228
=040  \\$aUk$cUk
=100  1\$aLANGDON, Samuel,$cof Hampton Falls, N.H.
=245  10$aJoy and gratitude to God for the long life of a good King, and the conquest of Quebec. A sermon [on Ps. xxi. 1-4, 8, 11-13].
=264  \1$aPortsmouth [N.H.] :$bD. Fowle,$c1760.
=300  \\$a47 pages ;$c(8º)
=336  \\$atext$2rdacontent
=337  \\$acomputer$2rdamedia
=338  \\$aonline$2rdacarrier
=340  \\$m8vo$2rdabf
=859  \\$aXLD$bGOOGLEBOOKS$bFrance in the Americas Project
=856  41$uhttp://books.google.com/books?vid=BL:A0021948006$yGoogle_Books
=883  0\$aLanguage codes assigned by Bayesian analysis of words present in record$d20200826$qUk$c0.9919
=852  4\$cDRT$jDigital Store 4486.aaa.91.(5.)$aBritish Library$bHMNTS
=985  \\$aCorrected by MS generated file for WR# 11/211
=985  \\$aCorrected by MS generated file for WR# 1805-0738
=985  \\$aUpgraded by BSS-generated file for WR2009-0365
=CAT  \\$aBATCH-DCW$b00$c20170111$lBLL01$h0203
=CAT  \\$aWR14_057$b00$c20170504$lBLL01$h1851
=CAT  \\$aR1710-0956$b00$c20171108$lBLL01$h1745
=CAT  \\$a1805-0738$c20190111$lBLL01$h1754
=CAT  \\$a1805-0738$b00$c20190111$lBLL01$h1819
=CAT  \\$aW2007-1719$c20200806$lBLL01$h1507
=CAT  \\$aW2009-0365$b00$c20200928$lBLL01$h1539
=FIN  \\$aY$d20170111
=LKR  \\$aPAR$lBLL01$r776$b002069637$mJoy and gratitude to God for the long life of a good King, and the conquest of Quebec. A sermon [on Ps. xxi. 1-4, 8, 11-13].$nJoy and gratitude to God for the long life of a good King, and the conquest of Quebec. A sermon [on Ps. xxi. 1-4, 8, 11-13].
=DGM  \\$a002069637$bCatBridge variable field
=DRT  \\$aGOOGLEBOOKS
=SRC  \\$aGOOGLEBOOKS$bGoogleBooks_20170110
=OHC  \\$a1
=LAS  \\$aW2009-0365$b00$c20200928$lBLL01$h1539

