=LDR  02169 am a2200457   4500
=001  018175421
=003  Uk
=005  20170112020121.0
=007  cr\mn\024mpada
=008  840524s1766\\\\ne\||||\s\\\\\00|\||fre\c
=FMT  \\$a  BK
=035  \\$a(CU-RivES)N9288
=035  \\$a(Uk-ES)006066873
=040  \\$aCU-RivES$cCU-RivES$dCStRLIN
=245  02$aL'espion americain en Europe$bou lettres illinoises, qui renferment quantité d'anecdotes amusantes et instructives suivies d'un poëme intitulé La religion raisonnable par Mr. de V***
=264  \1$aLondres [i.e. Amsterdam?] :$baux depens de la compagnie,$c1766.
=300  \\$a[2], 332 pages ;$c8º
=336  \\$atext$2rdacontent
=337  \\$acomputer$2rdamedia
=338  \\$aonline$2rdacarrier
=340  \\$m8vo$2rdabf
=500  \\$aMr. de V*** = M. de Voltaire? - Imprint is false; possibly printed in Amsterdam.
=648  \7$a1701-1800$2local
=752  \\$aNetherlands$dAmsterdam.
=859  \\$aXLD$bGOOGLEBOOKS$bFrance in the Americas Project
=856  41$uhttp://books.google.com/books?vid=BL:A0021948483$yGoogle_Books
=852  4\$cDRT$jDigital Store RB.23.a.25350$aBritish Library$bHMNTS
=985  \\$aCorrected by MS generated file for WR# 1805-0738
=CAT  \\$aBATCH-DCW$b00$c20170112$lBLL01$h0201
=CAT  \\$aWR14_057$b00$c20170504$lBLL01$h1852
=CAT  \\$aR1710-0956$b00$c20171108$lBLL01$h1745
=CAT  \\$a1805-0738$c20190111$lBLL01$h1754
=CAT  \\$a1805-0738$b00$c20190111$lBLL01$h1820
=CAT  \\$aW2007-1719$c20200806$lBLL01$h1507
=FIN  \\$aY$d20170112
=LKR  \\$aPAR$lBLL01$r776$b015313954$mL'espion americain en Europe ou lettres illinoises, qui renferment quantité d'anecdotes amusantes et instructives suivies d'un poëme intitulé La religion raisonnable par Mr. de V***$nL'espion americain en Europe ou lettres illinoises, qui renferment quantité d'anecdotes amusantes et instructives suivies d'un poëme intitulé La religion raisonnable par Mr. de V***
=DGM  \\$a015313954$bCatBridge variable field
=DRT  \\$aGOOGLEBOOKS
=SRC  \\$aGOOGLEBOOKS$bGoogleBooks_20170111
=OHC  \\$a1
=LAS  \\$aW2007-1719$b00$c20200806$lBLL01$h1507

