=LDR  02456 am a22004333  4500
=001  018204347
=003  Uk
=005  20170204140822.0
=007  cr\mn\024mpada
=008  880229|1772|||||||\\\\|s\\\\\|||\||eng\\
=FMT  \\$a  BK
=019  x\$a0622130064
=040  \\$aUk$cUk
=100  1\$aCHURCH, Thomas,$cof Massachusetts.
=245  14$aThe Entertaining History of King Philip's War, which began in the month of June, 1675. As also of expeditions more lately made against the common enemy, and Indian rebels, in the eastern parts of New-England: with some account of the Divine Providence towards Col. Benjamin Church ... The second edition. [With a portrait.]
=264  \1$aNewport, R.I. :$bSolomon Southwick,$c1772.
=300  \\$a198 pages ;$c(8º)
=336  \\$atext$2rdacontent
=337  \\$acomputer$2rdamedia
=338  \\$aonline$2rdacarrier
=340  \\$m8vo$2rdabf
=720  \\$aMETACOM, called King Philip
=856  41$uhttp://books.google.com/books?vid=BL:A0020837458$yGoogle_Books
=859  \\$aXLD$bGOOGLEBOOKS$bFrance in the Americas Project
=886  2\$2blmarc$a709$b00$aMETACOM, called King Philip$p1446.e.15.$x2192710240
=852  4\$cDRT$jDigital Store 1446.e.15.$aBritish Library$bHMNTS
=985  \\$aCorrected by MS generated file for WR# 1805-0738
=CAT  \\$aBATCH-DCW$b00$c20170204$lBLL01$h1408
=CAT  \\$aR1710-0956$b00$c20171108$lBLL01$h1745
=CAT  \\$a1805-0738$c20190111$lBLL01$h1754
=CAT  \\$a1805-0738$b00$c20190111$lBLL01$h1820
=CAT  \\$aW2007-1719$c20200806$lBLL01$h1507
=FIN  \\$aY$d20170204
=LKR  \\$aPAR$lBLL01$r776$b000700689$mThe Entertaining History of King Philip's War, which began in the month of June, 1675. As also of expeditions more lately made against the common enemy, and Indian rebels, in the eastern parts of New-England: with some account of the Divine Providence towards Col. Benjamin Church ... The second edition. [With a portrait.]$nThe Entertaining History of King Philip's War, which began in the month of June, 1675. As also of expeditions more lately made against the common enemy, and Indian rebels, in the eastern parts of New-England: with some account of the Divine Providence towards Col. Benjamin Church ... The second edition. [With a portrait.]
=DGM  \\$a000700689$bCatBridge variable field
=DRT  \\$aGOOGLEBOOKS
=SRC  \\$aGOOGLEBOOKS$bGooglebooks_20170204_archive
=OHC  \\$a1
=LAS  \\$aW2007-1719$b00$c20200806$lBLL01$h1507

