=LDR  01915 am a22004453  4500
=001  018208290
=003  Uk
=005  20170204140922.0
=007  cr\mn\024mpada
=008  890517|1744|||||||\\\\|s\\\\||||\||eng\\
=FMT  \\$a  BK
=019  x\$a2143200145
=040  \\$aUk$cUk
=240  10$aAppendix
=245  14$aThe Case of His Majesty's province of the Massachusetts Bay in New England, with respect to the expences they were at in taking and securing Cape Breton.
=264  \1$c[1744]
=300  \\$a4 pages ;$c(folio)
=336  \\$atext$2rdacontent
=337  \\$acomputer$2rdamedia
=338  \\$aonline$2rdacarrier
=340  \\$mfolio$2rdabf
=720  \\$aMASSACHUSETTS$emain entry
=859  \\$aXLD$bGOOGLEBOOKS$bFrance in the Americas Project
=856  41$uhttp://books.google.com/books?vid=BL:A0022049115$yGoogle_Books
=852  4\$cDRT$jDigital Store 8225.dd.17.$aBritish Library$bHMNTS
=985  \\$aCorrected by BSS-generated file for WR# 11/211
=985  \\$aCorrected by MS generated file for WR# 1805-0738
=CAT  \\$aBATCH-DCW$b00$c20170204$lBLL01$h1409
=CAT  \\$aWR14_057$b00$c20170504$lBLL01$h1852
=CAT  \\$aR1710-0956$b00$c20171108$lBLL01$h1746
=CAT  \\$a1805-0738$c20190111$lBLL01$h1755
=CAT  \\$a1805-0738$b00$c20190111$lBLL01$h1820
=CAT  \\$aW2007-1719$c20200806$lBLL01$h1507
=FIN  \\$aY$d20170204
=LKR  \\$aPAR$lBLL01$r776$b002415770$mThe Case of His Majesty's province of the Massachusetts Bay in New England, with respect to the expences they were at in taking and securing Cape Breton.$nThe Case of His Majesty's province of the Massachusetts Bay in New England, with respect to the expences they were at in taking and securing Cape Breton.
=DGM  \\$a002415770$bCatBridge variable field
=DRT  \\$aGOOGLEBOOKS
=SRC  \\$aGOOGLEBOOKS$bGooglebooks_20170204_archive
=OHC  \\$a1
=LAS  \\$aW2007-1719$b00$c20200806$lBLL01$h1507

