=LDR  02044 am a22004693  4500
=001  018210183
=003  Uk
=005  20200928154019.0
=007  cr\mn\024mpada
=008  900228|1691|||||||\\\\|s\\\\\|||\||eng\\
=FMT  \\$a  BK
=019  x\$a2910250237
=040  \\$aUk$cUk
=100  1\$aSAVAGE, Thomas,$cMajor.
=245  13$a[An] Account of the late Action of the New-Englanders, under the command of Sir W. Phips, against the French at Canada, in a Letter, etc.
=264  \1$aLondon,$c1691.
=300  \\$c(4º)
=336  \\$atext$2rdacontent
=337  \\$acomputer$2rdamedia
=338  \\$aonline$2rdacarrier
=340  \\$m4to$2rdabf
=859  \\$aXLD$bGOOGLEBOOKS$bFrance in the Americas Project
=856  41$uhttp://books.google.com/books?vid=BL:A0021082982$yGoogle_Books
=883  0\$aLanguage codes assigned by Bayesian analysis of words present in record$d20200826$qUk$c0.9919
=852  4\$cDRT$jDigital Store 1061.g.65.$aBritish Library$bHMNTS
=985  \\$aCorrected by BSS-generated file
=985  \\$aCorrected by MS generated file for WR# 1805-0738
=985  \\$aUpgraded by BSS-generated file for WR2009-0365
=CAT  \\$aBATCH-DCW$b00$c20170204$lBLL01$h1409
=CAT  \\$aWR14_057$b00$c20170504$lBLL01$h1853
=CAT  \\$aR1710-0956$b00$c20171108$lBLL01$h1746
=CAT  \\$a1805-0738$c20190111$lBLL01$h1756
=CAT  \\$a1805-0738$b00$c20190111$lBLL01$h1821
=CAT  \\$aW2007-1719$c20200806$lBLL01$h1507
=CAT  \\$aW2009-0365$b00$c20200928$lBLL01$h1540
=FIN  \\$aY$d20170204
=LKR  \\$aPAR$lBLL01$r776$b003259216$m[An] Account of the late Action of the New-Englanders, under the command of Sir W. Phips, against the French at Canada, in a Letter, etc.$n[An] Account of the late Action of the New-Englanders, under the command of Sir W. Phips, against the French at Canada, in a Letter, etc.
=DGM  \\$a003259216$bCatBridge variable field
=DRT  \\$aGOOGLEBOOKS
=SRC  \\$aGOOGLEBOOKS$bGooglebooks_20170204_archive
=OHC  \\$a1
=LAS  \\$aW2009-0365$b00$c20200928$lBLL01$h1540

