=LDR  02695 am a22005173  4500
=001  016695814
=003  Uk
=005  20200626183510.0
=007  cr\mn\024mpada
=008  900222|1865|||||||\\\\|s\\\\\|||\||fre\\
=FMT  \\$a  BK
=019  x\$a2871840113
=040  \\$aUk$cUk
=100  1\$aSAGARD THÉODAT, Gabriel.
=245  10$a[Le grand Voyage du Pays des Hurons, situé en l'Amerique vers la Mer douce, és derniers confins de la nouvelle France, dite Canada. ... Avec un Dictionaire de la langue Huronne, etc.]
=250  \\$aNouvelle édition publiée par E. Chevalier.
=264  \1$aParis,$c1865.
=300  \\$c(8º)
=336  \\$atext$2rdacontent
=337  \\$acomputer$2rdamedia
=338  \\$aonline$2rdacarrier
=500  \\$aWithout the Dictionary, a copy of which forms part of the author's "Histoire du Canada," etc.
=700  1\$aCHEVALIER, Henri Émile.
=787  0\$tLe grand Voyage du Pays des Hurons, situé en l'Amerique vers la Mer douce, és derniers confins de la nouvelle France, dite Canada. ... Avec un Dictionaire de la langue Huronne, etc.$w(Uk)MP1.0003434138$d2 pt. D. Moreau: Paris, 1632. 8º.
=859  \\$aXLD$bGOOGLEBOOKS$bFrance in the Americas Project
=886  2\$2blmarc$a709$b00$aCHEVALIER$hHenri Émile$p10470.bb.35.$x0603510000
=856  41$uhttp://books.google.com/books?vid=BL:A0018010646$yGoogle_Books
=883  0\$aLanguage codes assigned by Bayesian analysis of words present in record$d20181024$qUk$c0.997
=852  4\$cDRT$jDigital Store 10470.bb.35.$aBritish Library$bHMNTS
=985  \\$aDisaggregated record: Type B
=985  \\$aCorrected by MS generated file for WR# 1805-0738
=CAT  \\$aBATCH-DCW$b00$c20140427$lBLL01$h1603
=CAT  \\$c20140626$lBLL01$h1722
=CAT  \\$a856-CORR$c20140715$lBLL01$h1620
=CAT  \\$a1805-0738$c20181228$lBLL01$h1838
=CAT  \\$a1805-0738$b00$c20181228$lBLL01$h1922
=CAT  \\$aW1903-1550$b00$c20190614$lBLL01$h1844
=CAT  \\$aW2001-2376$c20200626$lBLL01$h1835
=CAT  \\$aW2007-1719$c20200806$lBLL01$h1507
=FIN  \\$aY$d20140427
=LKR  \\$aPAR$lBLL01$r776$b003220544$m[Le grand Voyage du Pays des Hurons, situé en l'Amerique vers la Mer douce, és derniers confins de la nouvelle France, dite Canada. ... Avec un Dictionaire de la langue Huronne, etc.]$n[Le grand Voyage du Pays des Hurons, situé en l'Amerique vers la Mer douce, és derniers confins de la nouvelle France, dite Canada. ... Avec un Dictionaire de la langue Huronne, etc.]
=DGM  \\$a003220544$bCatBridge variable field
=DRT  \\$aGOOGLEBOOKS
=SRC  \\$aGOOGLEBOOKS$bGoogleBooks_20140427_catchup
=OHC  \\$a1
=LAS  \\$aW2007-1719$b00$c20200806$lBLL01$h1507

