=LDR  02612 am a22004933  4500
=001  016719201
=003  Uk
=005  20200417184714.0
=007  cr\mn\024mpada
=008  880212|1760||||enk\\\\|s\\\\||||\||eng\\
=FMT  \\$a  BK
=019  x\$a0531620212
=040  \\$aUk$cUk
=245  10$aGenuine Letters and Memoirs relating to the natural, civil and commercial history of the Islands of Cape Breton, Saint John, from the first settlement there, to the taking of Louisburg by the English, in 1758 ... By an impartial Frenchman [viz. T. Pichon]. Translated from the author's original manuscript.
=264  \1$aLondon :$bJ. Nourse,$c1760.
=300  \\$axvi. 400 pages ;$c(8º)
=336  \\$atext$2rdacontent
=337  \\$acomputer$2rdamedia
=338  \\$aonline$2rdacarrier
=340  \\$m8vo$2rdabf
=700  1\$aPICHON, Thomas.
=720  \\$aCAPE BRETON$emain entry
=720  \\$aSAINT JOHN, Island of
=859  \\$aXLD$bGOOGLEBOOKS$bFrance in the Americas Project
=886  2\$2blmarc$a709$b00$aPICHON$hThomas$p10470.cc.22.$x2582210307
=886  2\$2blmarc$a709$b00$aSAINT JOHN, Island of$p10470.cc.22.$x2873040068
=856  41$uhttp://books.google.com/books?vid=BL:A0018010716$yGoogle_Books
=852  4\$cDRT$jDigital Store 10470.cc.22.$aBritish Library$bHMNTS
=985  \\$aUpgraded by BSS-generated file for WR1910-0531
=CAT  \\$aBATCH-DCW$b00$c20140519$lBLL01$h1710
=CAT  \\$c20140626$lBLL01$h1722
=CAT  \\$a856-CORR$c20140715$lBLL01$h1621
=CAT  \\$a1805-0738$c20181228$lBLL01$h1838
=CAT  \\$a1805-0738$b00$c20181228$lBLL01$h1922
=CAT  \\$aW1910-0531$b00$c20191108$lBLL01$h1813
=CAT  \\$aW1910-0531$b00$c20200417$lBLL01$h1847
=CAT  \\$aW2007-1719$c20200806$lBLL01$h1507
=FIN  \\$aY$d20140519
=LKR  \\$aPAR$lBLL01$r776$b000597976$mGenuine Letters and Memoirs relating to the natural, civil and commercial history of the Islands of Cape Breton, Saint John, from the first settlement there, to the taking of Louisburg by the English, in 1758 ... By an impartial Frenchman [viz. T. Pichon]. Translated from the author's original manuscript.$nGenuine Letters and Memoirs relating to the natural, civil and commercial history of the Islands of Cape Breton, Saint John, from the first settlement there, to the taking of Louisburg by the English, in 1758 ... By an impartial Frenchman [viz. T. Pichon]. Translated from the author's original manuscript.
=DGM  \\$a000597976$bCatBridge variable field
=DRT  \\$aGOOGLEBOOKS
=SRC  \\$aGOOGLEBOOKS$bGoogleBooks_20140519
=OHC  \\$a1
=LAS  \\$aW2007-1719$b00$c20200806$lBLL01$h1507

