=LDR  02623 am a22004933  4500
=001  016719337
=003  Uk
=005  20201127183413.0
=007  cr\mn\024mpada
=008  880412|1763||||enk\\\\|s\\\\\|||\||eng\\
=FMT  \\$a  BK
=019  x\$a0592620077
=040  \\$aUk$cUk
=100  1\$aCHARLEVOIX, Pierre François Xavier de.
=245  10$a[Journal of a Voyage to North-America ... In a series of letters to the Duchess of Lesdiguieres, etc. [A translation of the "Journal d'un voyage dans l'Amérique Septentrionnale."]]
=250  \\$a[Another edition.] Letters to the Dutchess of Lesdiguieres, etc. [Omitting the Preliminary Discourse and the first letter.]
=264  \1$aLondon :$bR. Goadly,$c1763.
=300  \\$axiv. 384 pages ;$c(8º)
=336  \\$atext$2rdacontent
=337  \\$acomputer$2rdamedia
=338  \\$aonline$2rdacarrier
=340  \\$m8vo$2rdabf
=787  0\$tJournal of a Voyage to North-America ... In a series of letters to the Duchess of Lesdiguieres, etc. [A translation of the "Journal d'un voyage dans l'Amérique Septentrionnale."]$w(Uk)MP1.0000701988$d2 vol. R. & J. Dodsley: London, 1761. 8º.
=859  \\$aXLD$bGOOGLEBOOKS$bFrance in the Americas Project
=856  41$uhttp://books.google.com/books?vid=BL:A0017991427$yGoogle_Books
=883  0\$aLanguage codes assigned by Bayesian analysis of words present in record$d20201028$qUk$c0.9010
=852  4\$cDRT$jDigital Store 10408.bbb.16.$aBritish Library$bHMNTS
=985  \\$aUpgraded by BSS-generated file for WR1910-0531
=985  \\$aUpgraded by BSS-generated file for WR2011-1472
=CAT  \\$aBATCH-DCW$b00$c20140519$lBLL01$h1710
=CAT  \\$c20140626$lBLL01$h1722
=CAT  \\$a856-CORR$c20140715$lBLL01$h1621
=CAT  \\$a1805-0738$c20181228$lBLL01$h1838
=CAT  \\$a1805-0738$b00$c20181228$lBLL01$h1922
=CAT  \\$aW1910-0531$b00$c20191108$lBLL01$h1813
=CAT  \\$aW2007-1719$c20200806$lBLL01$h1507
=CAT  \\$aW2011-1472$b00$c20201127$lBLL01$h1834
=FIN  \\$aY$d20140519
=LKR  \\$aPAR$lBLL01$r776$b000667143$m[Journal of a Voyage to North-America ... In a series of letters to the Duchess of Lesdiguieres, etc. [A translation of the "Journal d'un voyage dans l'Amérique Septentrionnale."]]$n[Journal of a Voyage to North-America ... In a series of letters to the Duchess of Lesdiguieres, etc. [A translation of the "Journal d'un voyage dans l'Amérique Septentrionnale."]]
=DGM  \\$a000667143$bCatBridge variable field
=DRT  \\$aGOOGLEBOOKS
=SRC  \\$aGOOGLEBOOKS$bGoogleBooks_20140519
=OHC  \\$a1
=LAS  \\$aW2011-1472$b00$c20201127$lBLL01$h1834

