=LDR  02036 am a22004453  4500
=001  016723217
=003  Uk
=005  20200417184726.0
=007  cr\mn\024mpada
=008  901001|1765||||enk\\\\|s\\\\\|||\||eng\\
=FMT  \\$a  BK
=019  x\$a3520130025
=040  \\$aUk$cUk
=100  1\$aWILLIAMS, Griffith,$cCaptain.
=245  13$aAn account of the island of Newfoundland, with the nature of its trade; and method of carrying on the fishery ... To which is annexed a Plan to exclude the French from that trade ... by Capt. Cole.
=264  \1$a[London],$c1765.
=300  \\$c(8º)
=336  \\$atext$2rdacontent
=337  \\$acomputer$2rdamedia
=338  \\$aonline$2rdacarrier
=340  \\$m8vo$2rdabf
=859  \\$aXLD$bGOOGLEBOOKS$bFrance in the Americas Project
=856  41$uhttp://books.google.com/books?vid=BL:A0018010690$yGoogle_Books
=852  4\$cDRT$jDigital Store 10470.c.11.$aBritish Library$bHMNTS
=985  \\$aUpgraded by BSS-generated file for WR1910-0531
=CAT  \\$aBATCH-DCW$b00$c20140519$lBLL01$h1711
=CAT  \\$c20140626$lBLL01$h1722
=CAT  \\$a856-CORR$c20140715$lBLL01$h1622
=CAT  \\$a1805-0738$c20181228$lBLL01$h1839
=CAT  \\$a1805-0738$b00$c20181228$lBLL01$h1923
=CAT  \\$aW1910-0531$b00$c20191108$lBLL01$h1814
=CAT  \\$aW1910-0531$b00$c20200417$lBLL01$h1847
=CAT  \\$aW2007-1719$c20200806$lBLL01$h1507
=FIN  \\$aY$d20140519
=LKR  \\$aPAR$lBLL01$r776$b003933011$mAn account of the island of Newfoundland, with the nature of its trade; and method of carrying on the fishery ... To which is annexed a Plan to exclude the French from that trade ... by Capt. Cole.$nAn account of the island of Newfoundland, with the nature of its trade; and method of carrying on the fishery ... To which is annexed a Plan to exclude the French from that trade ... by Capt. Cole.
=DGM  \\$a003933011$bCatBridge variable field
=DRT  \\$aGOOGLEBOOKS
=SRC  \\$aGOOGLEBOOKS$bGoogleBooks_20140519
=OHC  \\$a1
=LAS  \\$aW2007-1719$b00$c20200806$lBLL01$h1507

