=LDR  01816 am a22004213  4500
=001  016754879
=003  Uk
=005  20190614184545.0
=007  cr\mn\024mpada
=008  890503|1768|||||||\\\\|s\\\\||||\||fre\\
=FMT  \\$a  BK
=019  x\$a2040490213
=040  \\$aUk$cUk
=245  10$aJournal d'un Voyage à la Louisiane, fait en 1720. Par M***, Capitaine de Vaisseau du Roi [i.e.-De Valette Laudun].
=264  \1$aLa Haye ;$aParis,$c1768.
=300  \\$a8. 316 pages ;$c(12º)
=336  \\$atext$2rdacontent
=337  \\$acomputer$2rdamedia
=338  \\$aonline$2rdacarrier
=340  \\$m12mo$2rdabf
=720  \\$aM***, Capitaine de Vaisseau du Roi$emain entry
=856  41$uhttp://books.google.com/books?vid=BL:A0017991539$yGoogle_Books
=859  \\$aXLD$bGOOGLEBOOKS$bFrance in the Americas Project
=883  0\$aLanguage codes assigned by Bayesian analysis of words present in record$d20181024$qUk$c0.997
=852  4\$cDRT$jDigital Store 10409.aa.28.$aBritish Library$bHMNTS
=985  \\$aCorrected by MS generated file for WR# 1805-0738
=CAT  \\$aBATCH-DCW$b00$c20140626$lBLL01$h1828
=CAT  \\$a1805-0738$c20181228$lBLL01$h1840
=CAT  \\$a1805-0738$b00$c20181228$lBLL01$h1924
=CAT  \\$aW1903-1550$b00$c20190614$lBLL01$h1845
=CAT  \\$aW2007-1719$c20200806$lBLL01$h1507
=FIN  \\$aY$d20140626
=LKR  \\$aPAR$lBLL01$r776$b002297835$mJournal d'un Voyage à la Louisiane, fait en 1720. Par M***, Capitaine de Vaisseau du Roi [i.e.-De Valette Laudun].$nJournal d'un Voyage à la Louisiane, fait en 1720. Par M***, Capitaine de Vaisseau du Roi [i.e.-De Valette Laudun].
=DGM  \\$a002297835$bCatBridge variable field
=DRT  \\$aGOOGLEBOOKS
=SRC  \\$aGOOGLEBOOKS$bGoogleBooks_20140625_catchup
=OHC  \\$a1
=LAS  \\$aW2007-1719$b00$c20200806$lBLL01$h1507

