=LDR  01825 am a22004333  4500
=001  016819748
=003  Uk
=005  20200417184906.0
=007  cr\mn\024mpada
=008  890824|1750||||enk\\\\|s\\\\||||\||eng\\
=FMT  \\$a  BK
=019  x\$a2390840183
=040  \\$aUk$cUk
=240  10$aAppendix
=245  12$aA Genuine Account of Nova Scotia ... To which is added, His Majesty's Proposals as an encouragement to those who are willing to settle there.
=264  \1$aLondon printed, Dublin reprinted,$c1750.
=300  \\$c(8º)
=336  \\$atext$2rdacontent
=337  \\$acomputer$2rdamedia
=338  \\$aonline$2rdacarrier
=340  \\$m8vo$2rdabf
=720  \\$aNOVA SCOTIA$emain entry
=856  41$uhttp://books.google.com/books?vid=BL:A0017994336$yGoogle_Books
=859  \\$aXLD$bGOOGLEBOOKS$bFrance in the Americas Project
=852  4\$cDRT$jDigital Store 10410.b.18.$aBritish Library$bHMNTS
=985  \\$aUpgraded by BSS-generated file for WR1910-0531
=CAT  \\$aBATCH-DCW$b00$c20140810$lBLL01$h0201
=CAT  \\$a1805-0738$c20181228$lBLL01$h1845
=CAT  \\$a1805-0738$b00$c20181228$lBLL01$h1928
=CAT  \\$aW1910-0531$b00$c20191108$lBLL01$h1815
=CAT  \\$aW1910-0531$b00$c20200417$lBLL01$h1849
=CAT  \\$aW2007-1719$c20200806$lBLL01$h1507
=FIN  \\$aY$d20140810
=LKR  \\$aPAR$lBLL01$r776$b002679427$mA Genuine Account of Nova Scotia ... To which is added, His Majesty's Proposals as an encouragement to those who are willing to settle there.$nA Genuine Account of Nova Scotia ... To which is added, His Majesty's Proposals as an encouragement to those who are willing to settle there.
=DGM  \\$a002679427$bCatBridge variable field
=DRT  \\$aGOOGLEBOOKS
=SRC  \\$aGOOGLEBOOKS$bGoogleBooks_20140809
=OHC  \\$a1
=LAS  \\$aW2007-1719$b00$c20200806$lBLL01$h1507

