=LDR  02295 am a22004573  4500
=001  016834450
=003  Uk
=005  20200626184340.0
=007  cr\mn\024mpada
=008  871207|1859|||||||\\\\|s\\\\||||\||alg\\
=FMT  \\$a  BK
=019  x\$a0311340423
=040  \\$aUk$cUk
=130  0\$aBible.Appendix. Old Testament. Miscellaneous
=245  10$aAiamie Tipadjimo|in masinaigan ka ojitogobanen kaiat ka niina|isi mekate|ikonaie|igobanen kanactageng, |ak|i ena|indibanen. [Scripture History of the Old Testament, in the Algonquin language, by J. A. Cuoq.]
=264  \1$aMoniang [Montreal] :$bJ. Lovell,$c1859.
=300  \\$a337 pages ;$c(16º)
=336  \\$atext$2rdacontent
=337  \\$acomputer$2rdamedia
=338  \\$aonline$2rdacarrier
=700  1\$aCUOQ, Jean André.
=856  41$uhttp://books.google.com/books?vid=BL:A0017103107$yGoogle_Books
=859  \\$aXLD$bGOOGLEBOOKS$bFrance in the Americas Project
=886  2\$2blmarc$a709$b00$aCUOQ$hJean André$p3149.de.23.(1.)$x0742450007
=883  0\$aLanguage codes assigned by Bayesian analysis of words present in record$d20181024$qUk$c0.997
=852  4\$cDRT$jDigital Store 3149.de.23.(1.)$aBritish Library$bHMNTS
=985  \\$aCorrected by MS generated file for WR# 11/211
=985  \\$aCorrected by MS generated file for WR# 1805-0738
=CAT  \\$aBATCH-DCW$b00$c20140822$lBLL01$h0201
=CAT  \\$a1805-0738$c20181228$lBLL01$h1846
=CAT  \\$a1805-0738$b00$c20181228$lBLL01$h1929
=CAT  \\$aW1903-1550$b00$c20190614$lBLL01$h1848
=CAT  \\$aW2001-2376$c20200626$lBLL01$h1843
=CAT  \\$aW2007-1719$c20200806$lBLL01$h1507
=FIN  \\$aY$d20140822
=LKR  \\$aPAR$lBLL01$r776$b000343283$mAiamie Tipadjimo|in masinaigan ka ojitogobanen kaiat ka niina|isi mekate|ikonaie|igobanen kanactageng, |ak|i ena|indibanen. [Scripture History of the Old Testament, in the Algonquin language, by J. A. Cuoq.]$nAiamie Tipadjimo|in masinaigan ka ojitogobanen kaiat ka niina|isi mekate|ikonaie|igobanen kanactageng, |ak|i ena|indibanen. [Scripture History of the Old Testament, in the Algonquin language, by J. A. Cuoq.]
=DGM  \\$a000343283$bCatBridge variable field
=DRT  \\$aGOOGLEBOOKS
=SRC  \\$aGOOGLEBOOKS$bGoogleBooks_20140821
=OHC  \\$a1
=LAS  \\$aW2007-1719$b00$c20200806$lBLL01$h1507

