=LDR  02040 am a22004693  4500
=001  016834574
=003  Uk
=005  20201127183537.0
=007  cr\mn\024mpada
=008  890203|1861|||||||\\\\|s\\\\||||\||alg\\
=FMT  \\$a  BK
=019  x\$a1652810153
=040  \\$aUk$cUk
=245  00$aKa titc tebeniminang Jezos, ondaje aking, etc. [Life of Jesus Christ in the Algonquin language, by J. A. Cuoq.]
=264  \1$aMoniang [Montreal] :$bJ. Lovell,$c1861.
=300  \\$a396 pages ;$c(16º)
=336  \\$atext$2rdacontent
=337  \\$acomputer$2rdamedia
=338  \\$aonline$2rdacarrier
=600  00$aJesus Christ.
=700  1\$aCUOQ, Jean André.
=856  41$uhttp://books.google.com/books?vid=BL:A0017103108$yGoogle_Books
=859  \\$aXLD$bGOOGLEBOOKS$bFrance in the Americas Project
=886  2\$2blmarc$a709$b00$aCUOQ$hJean André$p3149.de.23.(2.)$x074245004X
=883  0\$aLanguage codes assigned by Bayesian analysis of words present in record$d20201028$qUk$c0.9010
=852  4\$cDRT$jDigital Store 3149.de.23.(2.)$aBritish Library$bHMNTS
=985  \\$aCorrected by MS generated file for WR# 11/211
=985  \\$aCorrected by MS generated file for WR# 1805-0738
=985  \\$aUpgraded by BSS-generated file for WR2011-1472
=CAT  \\$aBATCH-DCW$b00$c20140822$lBLL01$h0202
=CAT  \\$a1805-0738$c20181228$lBLL01$h1846
=CAT  \\$a1805-0738$b00$c20181228$lBLL01$h1929
=CAT  \\$aW2001-2376$c20200626$lBLL01$h1843
=CAT  \\$aW2007-1719$c20200806$lBLL01$h1507
=CAT  \\$aW2011-1472$b00$c20201127$lBLL01$h1835
=FIN  \\$aY$d20140822
=LKR  \\$aPAR$lBLL01$r776$b001870565$mKa titc tebeniminang Jezos, ondaje aking, etc. [Life of Jesus Christ in the Algonquin language, by J. A. Cuoq.]$nKa titc tebeniminang Jezos, ondaje aking, etc. [Life of Jesus Christ in the Algonquin language, by J. A. Cuoq.]
=DGM  \\$a001870565$bCatBridge variable field
=DRT  \\$aGOOGLEBOOKS
=SRC  \\$aGOOGLEBOOKS$bGoogleBooks_20140821
=OHC  \\$a1
=LAS  \\$aW2011-1472$b00$c20201127$lBLL01$h1835

