=LDR  01953 am a22004213  4500
=001  016866517
=003  Uk
=005  20200626184447.0
=007  cr\mn\024mpada
=008  880323|1859|||||||\\\\|s\\\\\|||\||eng\\
=FMT  \\$a  BK
=019  x\$a066496026X
=040  \\$aUk$cUk
=100  1\$aCOLT, Nelson.
=245  14$aThe Devil's Hole, with an account of a visit made to it in 1679 by R. Cavelier de la Salle. To which is added a memoir of the life of La Salle ... Fourth edition.
=264  \1$aNiagara City :$bN. T. Hackstaff,$c1859.
=300  \\$a16 pages ;$c(8º)
=336  \\$atext$2rdacontent
=337  \\$acomputer$2rdamedia
=338  \\$aonline$2rdacarrier
=700  1\$aCAVELIER, René Robert,$cSieur de la Salle.
=856  41$uhttp://books.google.com/books?vid=BL:A0017998742$yGoogle_Books
=859  \\$aXLD$bGOOGLEBOOKS$bFrance in the Americas Project
=886  2\$2blmarc$a709$b00$aCAVELIER$hRené Robert$fSieur de la Salle$p10411.aa.50.(1.)$x0564590185
=852  4\$cDRT$jDigital Store 10411.aa.50.(1.)$aBritish Library$bHMNTS
=985  \\$aCorrected by MS generated file for WR# 1805-0738
=CAT  \\$aBATCH-DCW$b00$c20140914$lBLL01$h0201
=CAT  \\$a1805-0738$c20181228$lBLL01$h1847
=CAT  \\$a1805-0738$b00$c20181228$lBLL01$h1930
=CAT  \\$aW2001-2376$c20200626$lBLL01$h1844
=CAT  \\$aW2007-1719$c20200806$lBLL01$h1507
=FIN  \\$aY$d20140914
=LKR  \\$aPAR$lBLL01$r776$b000753870$mThe Devil's Hole, with an account of a visit made to it in 1679 by R. Cavelier de la Salle. To which is added a memoir of the life of La Salle ... Fourth edition.$nThe Devil's Hole, with an account of a visit made to it in 1679 by R. Cavelier de la Salle. To which is added a memoir of the life of La Salle ... Fourth edition.
=DGM  \\$a000753870$bCatBridge variable field
=DRT  \\$aGOOGLEBOOKS
=SRC  \\$aGOOGLEBOOKS$bGoogleBooks_20140913
=OHC  \\$a1
=LAS  \\$aW2007-1719$b00$c20200806$lBLL01$h1507

