=LDR  01550 am a22004213  4500
=001  016985510
=003  Uk
=005  20141217020121.0
=007  cr\mn\024mpada
=008  881110|1769|||||||\\\\|s\\\\\|||\||eng\\
=FMT  \\$a  BK
=019  x\$a1430580127
=040  \\$aUk$cUk
=100  1\$aHAZARD, Joseph,$cof Lincoln College, Oxford.
=245  14$aThe Conquest of Quebec. A poem. [With a plan of the city.]
=264  \1$aOxford,$c1769.
=300  \\$c(4º)
=336  \\$atext$2rdacontent
=337  \\$acomputer$2rdamedia
=338  \\$aonline$2rdacarrier
=340  \\$m4to$2rdabf
=856  41$uhttp://books.google.com/books?vid=BL:A0017911739$yGoogle_Books
=859  \\$aXLD$bGOOGLEBOOKS$bFrance in the Americas Project
=852  4\$cDRT$jDigital Store 11633.h.6.$aBritish Library$bHMNTS
=985  \\$aCorrected by BSS-generated file for WR# 10/107
=985  \\$aCorrected by MS generated file for WR# 1805-0738
=CAT  \\$aBATCH-DCW$b00$c20141217$lBLL01$h0201
=CAT  \\$aWR15_122$c20151024$lBLL01$h1912
=CAT  \\$a1805-0738$c20190104$lBLL01$h1754
=CAT  \\$a1805-0738$b00$c20190104$lBLL01$h1841
=CAT  \\$aW2007-1719$c20200806$lBLL01$h1507
=FIN  \\$aY$d20141217
=LKR  \\$aPAR$lBLL01$r776$b001628159$mThe Conquest of Quebec. A poem. [With a plan of the city.]$nThe Conquest of Quebec. A poem. [With a plan of the city.]
=DGM  \\$a001628159$bCatBridge variable field
=DRT  \\$aGOOGLEBOOKS
=SRC  \\$aGOOGLEBOOKS$bGoogleBooks_20141216
=OHC  \\$a1
=LAS  \\$aW2007-1719$b00$c20200806$lBLL01$h1507

