=LDR  01585 am a22004453  4500
=001  017026627
=003  Uk
=005  20190614185230.0
=007  cr\mn\024mpada
=008  890524|1838|||||||\\\\|s\\\\\|||\||fre\\
=FMT  \\$a  BK
=019  x\$a1894660269
=040  \\$aUk$cUk
=100  1\$aLepouzé, Constant.
=245  10$aPoésies diverses.
=264  \1$aNouvelle-Orléans,$c1838.
=300  \\$c(8º)
=336  \\$atext$2rdacontent
=337  \\$acomputer$2rdamedia
=338  \\$aonline$2rdacarrier
=340  \\$m8vo$2rdabf
=856  41$uhttp://books.google.com/books?vid=BL:A0018398656$yGoogle_Books
=859  \\$aXLD$bGOOGLEBOOKS$bFrance in the Americas Project
=883  0\$aLanguage codes assigned by Bayesian analysis of words present in record$d20181024$qUk$c0.997
=852  4\$cDRT$jDigital Store 11481.f.23.$aBritish Library$bHMNTS
=985  \\$aCorrected by BSS-generated file for WR# 11/211
=985  \\$aCorrected by MS generated file for WR# 1805-0738
=CAT  \\$aBATCH-DCW$b00$c20150126$lBLL01$h0201
=CAT  \\$aWR15_122$c20151024$lBLL01$h1917
=CAT  \\$a1805-0738$c20190104$lBLL01$h1757
=CAT  \\$a1805-0738$b00$c20190104$lBLL01$h1842
=CAT  \\$aW1903-1550$b00$c20190614$lBLL01$h1852
=CAT  \\$aW2007-1719$c20200806$lBLL01$h1507
=FIN  \\$aY$d20150126
=LKR  \\$aPAR$lBLL01$r776$b002138414$mPoésies diverses.$nPoésies diverses.
=DGM  \\$a002138414$bCatBridge variable field
=DRT  \\$aGOOGLEBOOKS
=SRC  \\$aGOOGLEBOOKS$bGoogleBooks_20150125
=OHC  \\$a1
=LAS  \\$aW2007-1719$b00$c20200806$lBLL01$h1507

