=LDR  01620 am a22004453  4500
=001  017035422
=003  Uk
=005  20190614185249.0
=007  cr\mn\024mpada
=008  891228|1821|||||||\\\\|s\\\\||||\||fre\\
=FMT  \\$a  BK
=019  x\$a2720030112
=040  \\$aUk$cUk
=245  10$aRecueil de Chansons choisies.
=264  \1$aMontreal,$c1821.
=300  \\$a216 pages ;$c(12º)
=336  \\$atext$2rdacontent
=337  \\$acomputer$2rdamedia
=338  \\$aonline$2rdacarrier
=340  \\$m12mo$2rdabf
=720  \\$aRECUEIL$emain entry
=856  41$uhttp://books.google.com/books?vid=BL:A0018394622$yGoogle_Books
=859  \\$aXLD$bGOOGLEBOOKS$bFrance in the Americas Project
=883  0\$aLanguage codes assigned by Bayesian analysis of words present in record$d20181024$qUk$c0.997
=852  4\$cDRT$jDigital Store 11481.aa.21.$aBritish Library$bHMNTS
=985  \\$aCorrected by BSS-generated file for WR# 11/031
=985  \\$aCorrected by MS generated file for WR# 1805-0738
=CAT  \\$aBATCH-DCW$b00$c20150203$lBLL01$h0200
=CAT  \\$aWR15_122$c20151024$lBLL01$h1918
=CAT  \\$a1805-0738$c20190104$lBLL01$h1758
=CAT  \\$a1805-0738$b00$c20190104$lBLL01$h1843
=CAT  \\$aW1903-1550$b00$c20190614$lBLL01$h1852
=CAT  \\$aW2007-1719$c20200806$lBLL01$h1507
=FIN  \\$aY$d20150203
=LKR  \\$aPAR$lBLL01$r776$b003055441$mRecueil de Chansons choisies.$nRecueil de Chansons choisies.
=DGM  \\$a003055441$bCatBridge variable field
=DRT  \\$aGOOGLEBOOKS
=SRC  \\$aGOOGLEBOOKS$bGoogleBooks_20150202
=OHC  \\$a1
=LAS  \\$aW2007-1719$b00$c20200806$lBLL01$h1507

