=LDR  02706 am a22004693  4500
=001  017045595
=003  Uk
=005  20200417185218.0
=007  cr\mn\024mpada
=008  890221|1748||||enk\\\\|s\\\\||||\||eng\\
=FMT  \\$a  BK
=019  x\$a1903440068
=040  \\$aUk$cUk
=245  12$aA Letter to a noble negotiator abroad [i.e. to J. Montagu, Earl of Sandwich], on the present prospect of a speedy peace. In which the true sense of the several articles of the preliminaries is inquired, and the French views in granting them exposed. Containing also a ... letter from Holland, concerning the concealed mediator at Aix-la-Chapelle, etc.
=264  \1$aLondon :$bM. Cooper,$c1748.
=300  \\$a60 pages ;$c(8º)
=336  \\$atext$2rdacontent
=337  \\$acomputer$2rdamedia
=338  \\$aonline$2rdacarrier
=340  \\$m8vo$2rdabf
=700  1\$aSandwich, John Montagu,$cEarl of,$d1718-1792.$tAppendix.
=720  \\$aLETTER$emain entry
=856  41$uhttp://books.google.com/books?vid=BL:A0018414093$yGoogle_Books
=859  \\$aXLD$bGOOGLEBOOKS$bFrance in the Americas Project
=886  2\$2blmarc$a709$b00$aMONTAGU$hJohn$fEarl of Sandwich$tAppendix$p8133.aaa.5.(2.)$x2250950202
=852  4\$cDRT$jDigital Store 8133.aaa.5.(2.)$aBritish Library$bHMNTS
=985  \\$aUpgraded by BSS-generated file for WR1910-0531
=CAT  \\$aBATCH-DCW$b00$c20150208$lBLL01$h0201
=CAT  \\$aWR15_122$c20151024$lBLL01$h1919
=CAT  \\$aBATCH-UPD$b00$c20151024$lBLL01$h2023
=CAT  \\$a1805-0738$c20190104$lBLL01$h1758
=CAT  \\$a1805-0738$b00$c20190104$lBLL01$h1843
=CAT  \\$aW1910-0531$b00$c20191108$lBLL01$h1819
=CAT  \\$aW1910-0531$b00$c20200417$lBLL01$h1852
=CAT  \\$aW2007-1719$c20200806$lBLL01$h1507
=FIN  \\$aY$d20150208
=LKR  \\$aPAR$lBLL01$r776$b002147579$mA Letter to a noble negotiator abroad [i.e. to J. Montagu, Earl of Sandwich], on the present prospect of a speedy peace. In which the true sense of the several articles of the preliminaries is inquired, and the French views in granting them exposed. Containing also a ... letter from Holland, concerning the concealed mediator at Aix-la-Chapelle, etc.$nA Letter to a noble negotiator abroad [i.e. to J. Montagu, Earl of Sandwich], on the present prospect of a speedy peace. In which the true sense of the several articles of the preliminaries is inquired, and the French views in granting them exposed. Containing also a ... letter from Holland, concerning the concealed mediator at Aix-la-Chapelle, etc.
=DGM  \\$a002147579$bCatBridge variable field
=DRT  \\$aGOOGLEBOOKS
=SRC  \\$aGOOGLEBOOKS$bGoogleBooks_20150207
=OHC  \\$a1
=LAS  \\$aW2007-1719$b00$c20200806$lBLL01$h1507

