=LDR  01784 am a22004333  4500
=001  017046184
=003  Uk
=005  20200417185220.0
=007  cr\mn\024mpada
=008  890221|1756||||enk\\\\|s\\\\||||\||eng\\
=FMT  \\$a  BK
=019  x\$a1903500117
=040  \\$aUk$cUk
=245  12$aA Letter to the King of ***** [France]. By an Englishman; not a member of the House of Commons. [On the war in Canada.]
=264  \1$aLondon :$bA. & C. Corbett,$c1756.
=300  \\$a39 pages ;$c(8º)
=336  \\$atext$2rdacontent
=337  \\$acomputer$2rdamedia
=338  \\$aonline$2rdacarrier
=340  \\$m8vo$2rdabf
=720  \\$aLETTER$emain entry
=856  41$uhttp://books.google.co.uk/books?vid=BL:A0018524936$yGoogle_Books
=859  \\$aXLD$bGOOGLEBOOKS$bFrance in the Americas Project
=852  4\$cDRT$jDigital Store 8154.bb.36.$aBritish Library$bHMNTS
=985  \\$aUpgraded by BSS-generated file for WR1910-0531
=CAT  \\$aBATCH-DCW$b00$c20150209$lBLL01$h0202
=CAT  \\$aWR15_122$c20151024$lBLL01$h1919
=CAT  \\$a1805-0738$c20190104$lBLL01$h1758
=CAT  \\$a1805-0738$b00$c20190104$lBLL01$h1843
=CAT  \\$aW1910-0531$b00$c20191108$lBLL01$h1819
=CAT  \\$aW1910-0531$b00$c20200417$lBLL01$h1852
=CAT  \\$aW2007-1719$c20200806$lBLL01$h1507
=FIN  \\$aY$d20150209
=LKR  \\$aPAR$lBLL01$r776$b002147701$mA Letter to the King of ***** [France]. By an Englishman; not a member of the House of Commons. [On the war in Canada.]$nA Letter to the King of ***** [France]. By an Englishman; not a member of the House of Commons. [On the war in Canada.]
=DGM  \\$a002147701$bCatBridge variable field
=DRT  \\$aGOOGLEBOOKS
=SRC  \\$aGOOGLEBOOKS$bGoogleBooks_20150208
=OHC  \\$a1
=LAS  \\$aW2007-1719$b00$c20200806$lBLL01$h1507

