=LDR  02819 am a22005293  4500
=001  017067364
=003  Uk
=005  20190614185319.0
=007  cr\mn\024mpada
=008  000321|1755|||||||\\\\|s\\\\\|||\||fre\\
=FMT  \\$a  BK
=019  x\$a164235015X
=040  \\$aUk$cUk
=100  1\$aJefferys, Thomas,$d-1771.
=240  10$aThe conduct of the French with regard to Nova Scotia
=245  10$aConduite des François par rapport à la Nouvelle Écosse, depuis le premier établissement de cette Colonie jusqu'à nos jours ... Traduit de l'Anglois [of T. Jefferys], avec des notes d'un François [G. M. Butel Dumont] dans lequel il disculpe sa nation des imputations dont on la charge, etc.
=264  \1$aLondres,$c1755.
=300  \\$axiv, 281 pages ;$c(12º)
=336  \\$atext$2rdacontent
=337  \\$acomputer$2rdamedia
=338  \\$aonline$2rdacarrier
=340  \\$m12mo$2rdabf
=700  1\$aBUTEL-DUMONT, George Marie.
=720  \\$aFRENCH
=720  \\$aFRENCHMAN
=856  41$uhttp://books.google.co.uk/books?vid=BL:A0018524814$yGoogle_Books
=859  \\$aXLD$bGOOGLEBOOKS$bFrance in the Americas Project
=886  2\$2blmarc$a709$b00$aBUTEL-DUMONT$hGeorge Marie$p8154.a.5.$x0492040028
=886  2\$2blmarc$a709$b00$aFRENCH$p8154.a.5.$x1160850046
=886  2\$2blmarc$a709$b00$aFRENCHMAN$p8154.a.5.$x1161520007
=883  0\$aLanguage codes assigned by Bayesian analysis of words present in record$d20181024$qUk$c0.997
=852  4\$cDRT$jDigital Store 8154.a.5.$aBritish Library$bHMNTS
=985  \\$aCorrected by BSS-generated file for WR# 11/048
=985  \\$aCorrected by MS generated file for WR# 1805-0738
=CAT  \\$aBATCH-DCW$b00$c20150213$lBLL01$h0202
=CAT  \\$aWR15_122$c20151024$lBLL01$h1920
=CAT  \\$a1805-0738$c20190104$lBLL01$h1759
=CAT  \\$a1805-0738$b00$c20190104$lBLL01$h1844
=CAT  \\$aW1903-1550$b00$c20190614$lBLL01$h1853
=CAT  \\$aW2007-1719$c20200806$lBLL01$h1507
=FIN  \\$aY$d20150213
=LKR  \\$aPAR$lBLL01$r776$b001859622$mConduite des François par rapport à la Nouvelle Écosse, depuis le premier établissement de cette Colonie jusqu'à nos jours ... Traduit de l'Anglois [of T. Jefferys], avec des notes d'un François [G. M. Butel Dumont] dans lequel il disculpe sa nation des imputations dont on la charge, etc.$nConduite des François par rapport à la Nouvelle Écosse, depuis le premier établissement de cette Colonie jusqu'à nos jours ... Traduit de l'Anglois [of T. Jefferys], avec des notes d'un François [G. M. Butel Dumont] dans lequel il disculpe sa nation des imputations dont on la charge, etc.
=DGM  \\$a001859622$bCatBridge variable field
=DRT  \\$aGOOGLEBOOKS
=SRC  \\$aGOOGLEBOOKS$bGoogleBooks_20150212
=OHC  \\$a1
=LAS  \\$aW2007-1719$b00$c20200806$lBLL01$h1507

