=LDR  01770 am a22004573  4500
=001  017074342
=003  Uk
=005  20150218020153.0
=007  cr\mn\024mpada
=008  881005|1768|||||||\\\\|s\\\\\|||\||eng\\
=FMT  \\$a  BK
=019  x\$a1534440038
=040  \\$aUk$cUk
=100  1\$aHOWARD, Middleton.
=245  14$aThe Conquest of Quebec: a poem.
=264  \1$aOxford :$bJ. Fletcher,$cMMCCLXVIII [1768]
=300  \\$a12 pages ;$c(4º)
=336  \\$atext$2rdacontent
=337  \\$acomputer$2rdamedia
=338  \\$aonline$2rdacarrier
=340  \\$m4to$2rdabf
=775  0\$t[The Conquest of Quebec: a poem.]$w(Uk)MP1.0001841700.1$nIn Oxford.-University of Oxford. Oxford prize poems, etc. 1807. 8º.
=856  41$uhttp://books.google.co.uk/books?vid=BL:A0018609541$yGoogle_Books
=859  \\$aXLD$bGOOGLEBOOKS$bFrance in the Americas Project
=852  4\$cDRT$jDigital Store 11649.f.17.(2.)$aBritish Library$bHMNTS
=985  \\$aDisaggregated record: Type B
=985  \\$aCorrected by MS generated file for WR# 1805-0738
=CAT  \\$aBATCH-DCW$b00$c20150218$lBLL01$h0201
=CAT  \\$aBATCH-UPD$b00$c20150218$lBLL01$h0204
=CAT  \\$aWR15_122$c20151024$lBLL01$h1921
=CAT  \\$a1805-0738$c20190104$lBLL01$h1759
=CAT  \\$a1805-0738$b00$c20190104$lBLL01$h1844
=CAT  \\$aW2007-1719$c20200806$lBLL01$h1507
=FIN  \\$aY$d20150218
=LKR  \\$aPAR$b001747014$r775$mThe Conquest of Quebec: a poem.$n[The Conquest of Quebec: a poem.]
=LKR  \\$aPAR$lBLL01$r776$b001747013$mThe Conquest of Quebec: a poem.$nThe Conquest of Quebec: a poem.
=DGM  \\$a001747013$bCatBridge variable field
=DRT  \\$aGOOGLEBOOKS
=SRC  \\$aGOOGLEBOOKS$bGoogleBooks_20150217
=OHC  \\$a1
=LAS  \\$aW2007-1719$b00$c20200806$lBLL01$h1507

