=LDR  02878 am a22004933  4500
=001  017076848
=003  Uk
=005  20190614185333.0
=007  cr\mn\024mpada
=008  010123|1756|||||||\\\\|s\\\\||||\||ita\\
=FMT  \\$a  BK
=019  x\$a0954620208
=040  \\$aUk$cUk
=110  1\$aEngland.
=240  10$aA Fair Representation of His Majesty's Right to Nova-Scotia or Acadie, etc.
=245  10$aGiusta rappresentazione del diritto di sua Maesta' Britannica sopra la Nuova Scozia, o sia Acadia, brevemente ordinata, ed estratta da memoriali de' Commissari Inglesi. Con una risposta alle obbiezioni contenute ne' memoriali francesi e in un trattato intitolato Discussion sommaire sur les anciennes limites de l'Acadie.
=264  \1$a[Florence?],$c[1756?]
=300  \\$a40 pages ;$c(4º)
=336  \\$atext$2rdacontent
=337  \\$acomputer$2rdamedia
=338  \\$aonline$2rdacarrier
=340  \\$m4to$2rdabf
=710  1\$aEngland.$tMiscellaneous Public Documents. (Domestic Transactions, Royal Messages, Speeches from the Throne, etc.). III. Chronological Series. George II. [1727-1760.]
=720  \\$aNOVA SCOTIA. Appendix
=856  41$uhttp://books.google.co.uk/books?vid=BL:A0018524913$yGoogle_Books
=859  \\$aXLD$bGOOGLEBOOKS$bFrance in the Americas Project
=886  2\$2blmarc$a709$b00$aNOVA SCOTIA$tAppendix$p8154.b.64.$x2390840167
=883  0\$aLanguage codes assigned by Bayesian analysis of words present in record$d20181024$qUk$c0.997
=852  4\$cDRT$jDigital Store 8154.b.64.$aBritish Library$bHMNTS
=985  \\$aCorrected by BSS-generated file for WR# 11/211
=985  \\$aCorrected by MS generated file for WR# 1805-0738
=CAT  \\$aBATCH-DCW$b00$c20150220$lBLL01$h0201
=CAT  \\$aWR15_122$c20151024$lBLL01$h1921
=CAT  \\$a1805-0738$c20190104$lBLL01$h1800
=CAT  \\$a1805-0738$b00$c20190104$lBLL01$h1844
=CAT  \\$aW1903-1550$b00$c20190614$lBLL01$h1853
=CAT  \\$aW2007-1719$c20200806$lBLL01$h1507
=FIN  \\$aY$d20150220
=LKR  \\$aPAR$lBLL01$r776$b001083244$mGiusta rappresentazione del diritto di sua Maesta' Britannica sopra la Nuova Scozia, o sia Acadia, brevemente ordinata, ed estratta da memoriali de' Commissari Inglesi. Con una risposta alle obbiezioni contenute ne' memoriali francesi e in un trattato intitolato Discussion sommaire sur les anciennes limites de l'Acadie.$nGiusta rappresentazione del diritto di sua Maesta' Britannica sopra la Nuova Scozia, o sia Acadia, brevemente ordinata, ed estratta da memoriali de' Commissari Inglesi. Con una risposta alle obbiezioni contenute ne' memoriali francesi e in un trattato intitolato Discussion sommaire sur les anciennes limites de l'Acadie.
=DGM  \\$a001083244$bCatBridge variable field
=DRT  \\$aGOOGLEBOOKS
=SRC  \\$aGOOGLEBOOKS$bGoogleBooks_20150219
=OHC  \\$a1
=LAS  \\$aW2007-1719$b00$c20200806$lBLL01$h1507

