=LDR  01610 am a22004333  4500
=001  017359774
=003  Uk
=005  20200417185527.0
=007  cr\mn\024mpada
=008  900806|1720||||enk\\\\|s\\\\\|||\||eng\\
=FMT  \\$a  BK
=019  x\$a3435190035
=040  \\$aUk$cUk
=100  1\$aWALKER, Hovenden,$cSir.
=245  12$aA journal ... of the late Expedition to Canada, with an appendix, etc.
=264  \1$aLondon,$c1720.
=300  \\$c(8º)
=336  \\$atext$2rdacontent
=337  \\$acomputer$2rdamedia
=338  \\$aonline$2rdacarrier
=340  \\$m8vo$2rdabf
=856  41$uhttp://books.google.co.uk/books?vid=BL:A0019038007$yGoogle_Books
=859  \\$aXLD$bGOOGLEBOOKS$bFrance in the Americas Project
=852  4\$cDRT$jDigital Store 1061.i.10.$aBritish Library$bHMNTS
=985  \\$aUpgraded by BSS-generated file for WR1910-0531
=CAT  \\$aBATCH-DCW$b00$c20150515$lBLL01$h0200
=CAT  \\$aWR15_122$c20151024$lBLL01$h1934
=CAT  \\$a1805-0738$c20190104$lBLL01$h1807
=CAT  \\$a1805-0738$b00$c20190104$lBLL01$h1849
=CAT  \\$aW1910-0531$b00$c20191108$lBLL01$h1822
=CAT  \\$aW1910-0531$b00$c20200417$lBLL01$h1855
=CAT  \\$aW2007-1719$c20200806$lBLL01$h1507
=FIN  \\$aY$d20150515
=LKR  \\$aPAR$lBLL01$r776$b003835900$mA journal ... of the late Expedition to Canada, with an appendix, etc.$nA journal ... of the late Expedition to Canada, with an appendix, etc.
=DGM  \\$a003835900$bCatBridge variable field
=DRT  \\$aGOOGLEBOOKS
=SRC  \\$aGOOGLEBOOKS$bGoogleBooks_20150514
=OHC  \\$a1
=LAS  \\$aW2007-1719$b00$c20200806$lBLL01$h1507

