=LDR  01962 am a22004573  4500
=001  017360276
=003  Uk
=005  20190614185703.0
=007  cr\mn\024mpada
=008  890210|1702|||||||\\\\|s\\\\\|||\||fre\\
=FMT  \\$a  BK
=019  x\$a1820220036
=040  \\$aUk$cUk
=100  1\$aLA CROIX DE CHEVRIERS DE SAINT-VALIER, Jean Baptiste de,$cBishop of Quebec.
=245  10$aOrdonnance. ... Touchant la resolution de plusieurs difficultez qui concernent les Missions des Sauvages.
=264  \1$a[Paris],$c[1702]
=300  \\$c(8º)
=336  \\$atext$2rdacontent
=337  \\$acomputer$2rdamedia
=338  \\$aonline$2rdacarrier
=340  \\$m8vo$2rdabf
=500  \\$aForming a portion, viz. pp. 103-146, of a larger work.
=856  41$uhttp://books.google.co.uk/books?vid=BL:A0019181714$yGoogle_Books
=859  \\$aXLD$bGOOGLEBOOKS$bFrance in the Americas Project
=883  0\$aLanguage codes assigned by Bayesian analysis of words present in record$d20181024$qUk$c0.997
=852  4\$cDRT$jDigital Store 487.f.8.(7.)$aBritish Library$bHMNTS
=985  \\$aCorrected by BSS-generated file for WR# 10/138
=985  \\$aCorrected by MS generated file for WR# 1805-0738
=CAT  \\$aBATCH-DCW$b00$c20150516$lBLL01$h0201
=CAT  \\$aWR15_122$c20151024$lBLL01$h1935
=CAT  \\$a1805-0738$c20190104$lBLL01$h1807
=CAT  \\$a1805-0738$b00$c20190104$lBLL01$h1849
=CAT  \\$aW1903-1550$b00$c20190614$lBLL01$h1857
=CAT  \\$aW2007-1719$c20200806$lBLL01$h1507
=FIN  \\$aY$d20150516
=LKR  \\$aPAR$lBLL01$r776$b002047456$mOrdonnance. ... Touchant la resolution de plusieurs difficultez qui concernent les Missions des Sauvages.$nOrdonnance. ... Touchant la resolution de plusieurs difficultez qui concernent les Missions des Sauvages.
=DGM  \\$a002047456$bCatBridge variable field
=DRT  \\$aGOOGLEBOOKS
=SRC  \\$aGOOGLEBOOKS$bGoogleBooks_20150515
=OHC  \\$a1
=LAS  \\$aW2007-1719$b00$c20200806$lBLL01$h1507

