=LDR  02293 am a22004933  4500
=001  017361250
=003  Uk
=005  20190614185705.0
=007  cr\mn\024mpada
=008  880412|1724|||||||\\\\|s\\\\\|||\||fre\\
=FMT  \\$a  BK
=019  x\$a0592620123
=040  \\$aUk$cUk
=100  1\$aCHARLEVOIX, Pierre François Xavier de.
=245  10$aLa Vie de la Mere Marie de l'Incarnation, institutrice & premiere superieure des Ursulines de la Nouvelle France. [With a portrait.]
=264  \1$aParis,$c1724.
=300  \\$axxxx, 412 pages ;$c(8º)
=336  \\$atext$2rdacontent
=337  \\$acomputer$2rdamedia
=338  \\$aonline$2rdacarrier
=340  \\$m8vo$2rdabf
=787  0\$t[La Vie de la Mere Marie de l'Incarnation, institutrice & premiere superieure des Ursulines de la Nouvelle France. [With a portrait.]]$w(Uk)MP1.0000701993.1$dParis, 1735. 8º.
=859  \\$aXLD$bGOOGLEBOOKS$bFrance in the Americas Project
=856  41$uhttp://books.google.co.uk/books?vid=BL:A0019207640$yGoogle_Books
=883  0\$aLanguage codes assigned by Bayesian analysis of words present in record$d20181024$qUk$c0.997
=852  4\$cDRT$jDigital Store 4985.a.45.$aBritish Library$bHMNTS
=985  \\$aCorrected by BSS-generated file for WR# 11/048
=985  \\$aDisaggregated record: Type B
=985  \\$aCorrected by MS generated file for WR# 1805-0738
=CAT  \\$aBATCH-DCW$b00$c20150517$lBLL01$h0204
=CAT  \\$aBATCH-UPD$b00$c20150517$lBLL01$h0207
=CAT  \\$aWR15_122$c20151024$lBLL01$h1935
=CAT  \\$aWR14_057$b00$c20151129$lBLL01$h1956
=CAT  \\$a1805-0738$c20190104$lBLL01$h1808
=CAT  \\$a1805-0738$b00$c20190104$lBLL01$h1849
=CAT  \\$aW1903-1550$b00$c20190614$lBLL01$h1857
=CAT  \\$aW2007-1719$c20200806$lBLL01$h1507
=FIN  \\$aY$d20150517
=LKR  \\$aPAR$lBLL01$r776$b000667150$mLa Vie de la Mere Marie de l'Incarnation, institutrice & premiere superieure des Ursulines de la Nouvelle France. [With a portrait.]$nLa Vie de la Mere Marie de l'Incarnation, institutrice & premiere superieure des Ursulines de la Nouvelle France. [With a portrait.]
=DGM  \\$a000667150$bCatBridge variable field
=DRT  \\$aGOOGLEBOOKS
=SRC  \\$aGOOGLEBOOKS$bGoogleBooks_20150516
=OHC  \\$a1
=LAS  \\$aW2007-1719$b00$c20200806$lBLL01$h1507

