=LDR  02407 am a22004693  4500
=001  017371450
=003  Uk
=005  20190614185724.0
=007  cr\mn\024mpada
=008  901122|1803|||||||\\\\|s\\\\\|||\||fre\\
=FMT  \\$a  BK
=019  x\$a3420880022
=040  \\$aUk$cUk
=100  1\$aVONDENVELDEN, William,$cand CHARLAND (L.)
=245  10$aExtraits des titres des anciennes concessions de terre en fief et Seigneurie, faites avant et depuis la conquête de la Nouvelle France par les armes Britanniques dans la partie actuellement appellée les Bas-Canada ... le tout compilé par W. V. et L. C.
=264  \1$aQuebec,$c1803.
=300  \\$c(8º)
=336  \\$atext$2rdacontent
=337  \\$acomputer$2rdamedia
=338  \\$aonline$2rdacarrier
=340  \\$m8vo$2rdabf
=700  1\$aCHARLAND, Louis.
=859  \\$aXLD$bGOOGLEBOOKS$bFrance in the Americas Project
=886  2\$2blmarc$a709$b00$aCHARLAND$hLouis$p1304.a.11.$x058501003X
=856  41$uhttp://books.google.co.uk/books?vid=BL:A0019243544$yGoogle_Books
=883  0\$aLanguage codes assigned by Bayesian analysis of words present in record$d20181024$qUk$c0.997
=852  4\$cDRT$jDigital Store 1304.a.11.$aBritish Library$bHMNTS
=985  \\$aCorrected by MS generated file for WR# 1805-0738
=CAT  \\$aBATCH-DCW$b00$c20150526$lBLL01$h0202
=CAT  \\$aWR15_122$c20151024$lBLL01$h1937
=CAT  \\$aWR14_057$b00$c20151129$lBLL01$h2003
=CAT  \\$a1805-0738$c20190104$lBLL01$h1809
=CAT  \\$a1805-0738$b00$c20190104$lBLL01$h1850
=CAT  \\$aW1903-1550$b00$c20190614$lBLL01$h1857
=CAT  \\$aW2007-1719$c20200806$lBLL01$h1507
=FIN  \\$aY$d20150526
=LKR  \\$aPAR$lBLL01$r776$b003815820$mExtraits des titres des anciennes concessions de terre en fief et Seigneurie, faites avant et depuis la conquête de la Nouvelle France par les armes Britanniques dans la partie actuellement appellée les Bas-Canada ... le tout compilé par W. V. et L. C.$nExtraits des titres des anciennes concessions de terre en fief et Seigneurie, faites avant et depuis la conquête de la Nouvelle France par les armes Britanniques dans la partie actuellement appellée les Bas-Canada ... le tout compilé par W. V. et L. C.
=DGM  \\$a003815820$bCatBridge variable field
=DRT  \\$aGOOGLEBOOKS
=SRC  \\$aGOOGLEBOOKS$bGoogleBooks_20150525
=OHC  \\$a1
=LAS  \\$aW2007-1719$b00$c20200806$lBLL01$h1507

