=LDR  02196 am a22004573  4500
=001  017375090
=003  Uk
=005  20200626190402.0
=007  cr\mn\024mpada
=008  900112|1855|||||||\\\\|s\\\\\|||\||fre\\
=FMT  \\$a  BK
=019  x\$a2634540310
=040  \\$aUk$cUk
=100  1\$aCourcy, Henri de.
=245  10$aLes Servantes de Dieu en Canada. Essai sur l'histoire des communautés religieuses de femmes de la province. Édition revue, corrigée, augmentée et spécialement préparée pour le Canada.
=264  \1$aMontreal,$c1855.
=300  \\$a158 pages ;$c(8º)
=336  \\$atext$2rdacontent
=337  \\$acomputer$2rdamedia
=338  \\$aonline$2rdacarrier
=859  \\$aXLD$bGOOGLEBOOKS$bFrance in the Americas Project
=856  41$uhttp://books.google.co.uk/books?vid=BL:A0019259470$yGoogle_Books
=883  0\$aLanguage codes assigned by Bayesian analysis of words present in record$d20181024$qUk$c0.997
=852  4\$cDRT$jDigital Store 4745.bb.21.$aBritish Library$bHMNTS
=985  \\$aCorrected by BSS-generated file for WR# 11/031
=985  \\$aCorrected by MS generated file for WR# 1805-0738
=CAT  \\$aBATCH-DCW$b00$c20150529$lBLL01$h0201
=CAT  \\$aWR15_122$c20151024$lBLL01$h1937
=CAT  \\$aWR14_057$b00$c20151129$lBLL01$h2001
=CAT  \\$a1805-0738$c20190104$lBLL01$h1809
=CAT  \\$a1805-0738$b00$c20190104$lBLL01$h1851
=CAT  \\$aW1903-1550$b00$c20190614$lBLL01$h1857
=CAT  \\$aW2001-2376$c20200626$lBLL01$h1904
=CAT  \\$aW2007-1719$c20200806$lBLL01$h1507
=FIN  \\$aY$d20150529
=LKR  \\$aPAR$lBLL01$r776$b002968592$mLes Servantes de Dieu en Canada. Essai sur l'histoire des communautés religieuses de femmes de la province. Édition revue, corrigée, augmentée et spécialement préparée pour le Canada.$nLes Servantes de Dieu en Canada. Essai sur l'histoire des communautés religieuses de femmes de la province. Édition revue, corrigée, augmentée et spécialement préparée pour le Canada.
=DGM  \\$a002968592$bCatBridge variable field
=DRT  \\$aGOOGLEBOOKS
=SRC  \\$aGOOGLEBOOKS$bGoogleBooks_20150528
=OHC  \\$a1
=LAS  \\$aW2007-1719$b00$c20200806$lBLL01$h1507

