=LDR  02873 am a22005053  4500
=001  017391930
=003  Uk
=005  20200928153300.0
=007  cr\mn\024mpada
=008  880111|1818|||||||\\\\|s\\\\\|||\||fre\\
=FMT  \\$a  BK
=019  x\$a039282017X
=040  \\$aUk$cUk
=100  1\$aBOURGEOIS, Marguerite.
=245  10$aLa Vie de la vénérable sœur Marguerite Bourgeois, dite du Saint-Sacrement, institutrice, fondatrice et première Supérieure des Filles séculières de la Congrégation Notre-Dame, établie à Ville-Marie, dans l'isle de Montréal, en Canada. Tirée de mémoires certains, et la plupart originaux. [By Étienne Montgolfier.]
=264  \1$aVille-Marie,$c1818.
=300  \\$a270 pages ;$c(12º)
=336  \\$atext$2rdacontent
=337  \\$acomputer$2rdamedia
=338  \\$aonline$2rdacarrier
=340  \\$m12mo$2rdabf
=700  1\$aMontgolfier, Jacques-Etienne,$d1745-1799.
=859  \\$aXLD$bGOOGLEBOOKS$bFrance in the Americas Project
=886  2\$2blmarc$a709$b00$aMONTGOLFIER$hÉtienne$p4826.aaaa.24.$x225269002X
=856  41$uhttp://books.google.co.uk/books?vid=BL:A0019365735$yGoogle_Books
=883  0\$aLanguage codes assigned by Bayesian analysis of words present in record$d20200826$qUk$c0.9919
=852  4\$cDRT$jDigital Store 4826.aaaa.24.$aBritish Library$bHMNTS
=985  \\$aCorrected by BSS-generated file for WR# 11/211
=985  \\$aCorrected by MS generated file for WR# 1805-0738
=985  \\$aUpgraded by BSS-generated file for WR2009-0365
=CAT  \\$aBATCH-DCW$b00$c20150610$lBLL01$h0203
=CAT  \\$aWR15_122$c20151024$lBLL01$h1938
=CAT  \\$aWR14_057$b00$c20151129$lBLL01$h1955
=CAT  \\$aR1710-0956$b00$c20171020$lBLL01$h1823
=CAT  \\$a1805-0738$c20190104$lBLL01$h1810
=CAT  \\$a1805-0738$b00$c20190104$lBLL01$h1851
=CAT  \\$aW2007-1719$c20200806$lBLL01$h1507
=CAT  \\$aW2009-0365$b00$c20200928$lBLL01$h1533
=FIN  \\$aY$d20150610
=LKR  \\$aPAR$lBLL01$r776$b000433767$mLa Vie de la vénérable sœur Marguerite Bourgeois, dite du Saint-Sacrement, institutrice, fondatrice et première Supérieure des Filles séculières de la Congrégation Notre-Dame, établie à Ville-Marie, dans l'isle de Montréal, en Canada. Tirée de mémoires certains, et la plupart originaux. [By Étienne Montgolfier.]$nLa Vie de la vénérable sœur Marguerite Bourgeois, dite du Saint-Sacrement, institutrice, fondatrice et première Supérieure des Filles séculières de la Congrégation Notre-Dame, établie à Ville-Marie, dans l'isle de Montréal, en Canada. Tirée de mémoires certains, et la plupart originaux. [By Étienne Montgolfier.]
=DGM  \\$a000433767$bCatBridge variable field
=DRT  \\$aGOOGLEBOOKS
=SRC  \\$aGOOGLEBOOKS$bGoogleBooks_20150609
=OHC  \\$a1
=LAS  \\$aW2009-0365$b00$c20200928$lBLL01$h1533

